1909 3216
731 183 988 219 GEORGICA.
1039 183 1100 219 III.

125 295 212 333 270

1613 183 1696 226 113

274 290 531 339 Ascanium
565 293 771 344 superant
800 291 962 332 montis
995 293 1038 332 et
1068 291 1247 332 flumina
1278 293 1470 333 tranant.

275 350 563 402 continuoque
596 348 731 390 avidis
763 348 838 389 ubi
871 348 1044 390 subdita
1074 348 1249 390 flamma
1280 350 1499 405 medullis,

273 421 370 449 vere
402 407 559 462 magis,
591 407 692 461 quia
722 421 820 448 vere
853 407 972 448 calor
1003 407 1115 448 redit
1147 408 1336 462 ossibus,
1367 409 1468 450 illae

273 480 346 508 ore
379 480 527 508 omnes
559 480 710 508 versae
741 466 788 507 in
820 465 1066 520 Zephyrum
1099 468 1219 508 stant
1249 467 1428 520 rupibus
1461 468 1560 509 altis

275 526 587 579 exceptantque
619 524 725 566 levis
759 539 885 566 auras
919 527 962 566 et
994 539 1120 579 saepe
1154 525 1246 567 sine
1279 526 1377 567 ullis

126 588 210 626 275

275 583 484 639 coniugiis
517 586 644 626 vento
677 584 897 638 gravidae,
930 583 1127 625 mirabile
1161 584 1295 639 dictu,

274 657 378 684 saxa
408 656 484 697 per
516 644 559 683 et
591 643 790 697 scopulos
824 645 867 683 et
898 643 1123 697 depressas
1155 644 1365 685 convallis

272 701 522 756 diffugiunt,
554 716 662 754 non,
694 701 826 755 Eure,
858 705 976 756 tuos,
1007 717 1145 756 neque
1179 703 1280 744 solis
1314 702 1368 745 ad
1401 703 1538 756 ortus,

272 760 319 801 in
348 759 522 802 Borean
553 759 843 816 Cam-umque,
877 763 951 802 aut
981 761 1092 802 unde
1125 762 1384 817 nigerrimus
1418 760 1580 803 Auster

271 819 465 861 nascitur
496 822 539 860 et
568 820 716 875 pluvio
749 820 980 862 contristat
1010 821 1173 876 frigore
1206 822 1383 862 caelum.

124 881 210 919 280

272 878 343 919 hic
375 878 563 932 demum,
594 878 878 933 hippomanes
910 894 1011 921 vero
1044 879 1158 933 quod
1189 880 1362 921 nomine
1395 879 1544 922 dicunt

271 940 487 992 pastores,
518 937 684 979 lentum
717 938 911 980 destillat
944 939 997 980 ab
1030 938 1210 994 inguine
1242 939 1378 993 virus,

270 996 572 1051 hippomanes,
603 997 717 1051 quod
750 1012 875 1052 saepe
908 998 1046 1039 malae
1078 998 1220 1053 legere
1253 1012 1480 1053 novercae,

272 1055 618 1110 miscueruntque
650 1056 805 1097 herbas
839 1059 881 1098 et
911 1071 1000 1098 non
1032 1057 1208 1098 innoxia
1240 1057 1383 1099 verba.

331 1112 414 1155 Sed
443 1114 559 1169 fugit
588 1115 769 1169 interea,
800 1115 914 1171 fugit
944 1116 1222 1170 irreparabile
1253 1119 1445 1171 tempus,

125 1176 210 1213 285

277 1172 448 1228 singula
480 1174 581 1214 dum
613 1175 728 1228 capti
760 1175 1143 1216 circumvectamur
1175 1190 1332 1217 amore.

274 1231 356 1273 hoc
388 1231 494 1273 satis
527 1233 752 1286 armentis;
787 1236 961 1287 superat
991 1249 1092 1288 pars
1126 1234 1262 1276 altera
1294 1248 1442 1289 curae,

276 1290 493 1345 lanigeros
527 1292 691 1346 agitare
723 1305 876 1347 greges
909 1292 1130 1347 hirtasque
1163 1293 1364 1347 capellas.

271 1349 342 1390 hic
373 1350 514 1403 labor,
545 1349 646 1391 hinc
677 1350 847 1392 laudem
878 1351 1012 1393 fortes
1046 1355 1214 1406 sperate
1247 1353 1399 1394 coloni.

271 1422 349 1449 nec
383 1423 479 1450 sum
511 1409 645 1450 animi
677 1410 850 1463 dubius,
881 1411 1021 1452 verbis
1055 1425 1106 1452 ea
1137 1412 1305 1453 vincere
1337 1425 1543 1467 magnum

125 1470 210 1509 290

272 1481 400 1521 quam
434 1467 490 1509 sit
521 1470 563 1509 et
596 1468 794 1523 angustis
826 1469 940 1510 hunc
973 1469 1126 1511 addere
1158 1471 1285 1512 rebus
1318 1470 1544 1525 honorem3

272 1525 346 1567 sed
377 1540 444 1567 me
476 1525 656 1568 Parnasi
689 1527 859 1569 deserta
890 1542 966 1582 per
999 1529 1131 1571 ardua
1164 1529 1298 1571 dulcis

270 1587 417 1639 raptat
449 1600 590 1640 amor3
624 1586 744 1628 iuvat
775 1587 836 1628 ire
868 1587 1001 1642 iugis,
1035 1603 1119 1643 qua
1149 1589 1269 1630 nulla
1300 1589 1492 1642 priorum

270 1642 508 1686 Castaliam
540 1645 664 1687 molli
697 1646 930 1687 devertitur
961 1646 1105 1689 orbita
1137 1647 1261 1689 clivo.

269 1717 402 1757 nunc,
433 1704 674 1746 veneranda
706 1704 853 1758 Pales,
884 1719 1044 1761 magno
1077 1721 1190 1747 nunc
1223 1721 1295 1748 ore
1329 1706 1582 1749 sonandum.

124 1763 208 1801 295

329 1761 544 1816 Incipiens
578 1764 762 1804 stabulis
795 1763 914 1806 edico
947 1765 993 1805 111
1024 1766 1228 1807 mollibus
1260 1765 1440 1807 herbam

271 1833 445 1874 carpere
478 1822 586 1876 ovis,
619 1822 719 1863 dum
750 1837 850 1864 mox
880 1823 1087 1865 frondosa
1119 1824 1336 1865 reducitur
1367 1826 1530 1878 aestas,

272 1881 315 1919 et
345 1880 482 1921 multa
513 1879 663 1922 duram
697 1881 857 1935 stipula
889 1882 1133 1937 filicumque
1166 1883 1367 1936 maniplis

271 1939 461 1979 sternere
495 1939 641 1980 subter
671 1939 867 1994 humum,
900 1941 1058 1995 glacies
1090 1955 1143 1982 116
1175 1941 1333 1997 frigida
1364 1941 1508 1983 laedat

168 2090 247 2123 270.
275 2089 478 2132 Ascanius,
510 2092 614 2124 sonst
645 2090 705 2125 ein
733 2091 800 2125 See
833 2092 871 2125 in

119 2133 338 2180 Biffiynien,
370 2137 451 2171 hier
483 2137 616 2172 dessen
640 2137 806 2172 Ausfluss
832 2138 872 2172 in

120 2180 181 2216 die
205 2182 415 2229 Propontis.

168 2244 249 2277 274.
275 2246 465 2287 eoeceptant
484 2253 608 2277 auras.
643 2243 692 2277 Es
712 2254 789 2277 war
810 2244 870 2278 eiu

120 2287 322 2332 allgemein
341 2290 563 2335 geglaubtes
577 2290 764 2334 Marehen⁷
785 2290 868 2325 dass

118 2333 251 2370 Pferde
294 2336 410 2371 durch
448 2338 614 2382 Zephyre
658 2338 868 2373 befruchtet

116 2381 264 2416 werden
289 2382 466 2418 konnten.

165 2443 243 2475 276.
284 2441 468 2485 depressas
511 2445 703 2486 convallis,
743 2444 866 2490 einge-

116 2488 227 2532 engte
282 2488 428 2524 Thaler.
491 2490 566 2525 Der
624 2492 866 2536 spondeische

115 2533 354 2570 Versschluss
398 2536 491 2571 malt
537 2537 602 2572 das
646 2538 748 2573 lrren
792 2539 867 2573 und

116 2581 308 2617 Vei-lieren
352 2581 409 2617 bis
452 2583 491 2617 in
541 2584 600 2619 die
645 2585 866 2631 entlegenen

118 2628 265 2665 Thaler.

164 2690 243 2723 278.
274 2687 451 2731 Caurum,
486 2688 618 2732 Corus,
651 2691 862 2726 Nordwest—

115 2734 226 2771 wind.
260 2755 304 2760 —-
335 2737 555 2781 niyerrfimufs
600 2738 750 2780 Auster,
790 2739 863 2783 vgl.

116 2781 249 2828 Georg.
278 2783 304 2827 I,
332 2787 411 2819 462.
457 2783 533 2818 Ecl.
562 2783 607 2827 II,
634 2788 688 2819 58.

163 2843 242 2877 283.
263 2843 564 2887 miscueruntque,
582 2842 774 2887 Parataxe,
795 2844 864 2878 wie

116 2887 250 2934 Georg.
277 2889 303 2933 Ι,
332 2893 411 2924 203.
439 2910 482 2914 -
509 2900 583 2924 non
609 2891 766 2925 imwaeia
790 2901 864 2925 ver-

115 2935 173 2978 ba,
199 2936 513 2972 Zauberformeln.

186 3001 349 3035 Kappes‚
370 3003 489 3033 Vergils
509 3003 613 3029 Bucol.
636 3003 694 3029 und
716 3002 822 3035 Georg.

993 2095 1061 2126 284
1076 2113 1119 2117 —
1135 2097 1214 2128 403.
1250 2093 1284 2127 V
1282 2103 1329 2128 ou
1349 2094 1418 2128 den
1438 2093 1596 2137 Schafen
1615 2094 1693 2129 wnd

945 2140 1089 2184 Zieyen.

992 2190 1071 2221 285.
1107 2188 1208 2231 capti
1239 2199 1375 2231 amore,
1412 2188 1589 2233 gefesselt
1621 2199 1694 2224 von

943 2233 1007 2268 der
1033 2234 1146 2269 Liebe
1173 2247 1255 2269 zum
1282 2235 1530 2281 Gegenstand.

990 2284 1069 2315 288.
1096 2282 1206 2325 fortes
1228 2283 1357 2325 coloni,
1381 2283 1552 2328 tiichtige
1572 2281 1693 2318 Land-

942 2328 1091 2363 bauern.

989 2379 1068 2410 290.
1100 2377 1197 2411 hunc
1227 2377 1412 2419 honorem,
1445 2377 1693 2414 dichterische

941 2422 1203 2468 Behandlung;
1242 2425 1409 2469 anqustis
1443 2425 1566 2468 rebus,
1605 2425 1691 2461 dem

941 2481 1003 2504 zur
1016 2470 1205 2516 Dichtung
1219 2471 1340 2516 wenig
1353 2472 1576 2517 geeigneten
1588 2472 1691 2508 Stoff.

989 2521 1067 2551 291.
1094 2518 1233 2553 deserta
1258 2520 1391 2561 ardua,
1417 2520 1491 2565 vgl.
1518 2532 1552 2554 v.
1582 2523 1660 2556 124.

989 2568 1068 2599 293.
1095 2565 1195 2600 molli
1217 2566 1319 2609 clivo,
1345 2566 1413 2601 auf
1434 2566 1532 2602 sanft
1557 2567 1691 2602 anstei—

940 2611 1099 2655 gendem
1123 2611 1256 2657 Htigel.

986 2662 1065 2693 294.
1100 2659 1226 2702 Pales,
1258 2661 1333 2706 vgl.
1367 2660 1444 2696 Ecl.
1478 2661 1528 2705 V,
1560 2665 1616 2696 35.
1645 2682 1686 2686 —

939 2716 1069 2749 may-no
1118 2717 1195 2749 ore,

940 2764 971 2788 v.
1000 2756 1078 2787 290.

1250 2708 1324 2753 vgl.
1374 2709 1470 2743 hunc
1519 2709 1688 2744 honorem

987 2803 1064 2834 295.
1093 2801 1209 2844 edico,
1239 2802 1310 2837 wie
1341 2815 1374 2838 v.
1402 2806 1471 2838 300
1502 2803 1617 2837 iubeo.
1645 2823 1688 2827 —

939 2847 980 2880 in
1004 2848 1169 2891 stabulis,
1196 2849 1360 2884 n‘amlich
1386 2850 1438 2885 im
1464 2849 1622 2884 Winter.
1643 2870 1690 2874 —

937 2894 1106 2976 τέιιιὲἰῖἶὸαε
1131 2895 1223 2931 wird
1250 2896 1366 2931 durch
1392 2909 1425 2933 v,
1451 2900 1531 2933 297.
1560 2899 1603 2931 98
1632 2907 1686 2931 61·-

1384 3005 1404 3036 8
