1909 3216
170 173 251 215 138

168 287 251 324 ‘2ss5

761 174 1017 211 GEORGICA.
1067 175 1129 209 IV.

315 282 524 337 mellaque
556 282 830 324 harundineis
862 282 1018 324 inferre
1051 282 1290 336 canalibus,
1322 284 1435 324 ultro

315 341 560 382 hortantem
592 344 634 383 et
664 341 799 383 fessas
833 341 885 382 ad
917 342 1076 395 pabula
1105 344 1209 383 nota
1240 344 1475 383 vocantem.

318 399 510 454 proderit
541 402 584 441 et
614 402 790 442 tunsum
823 401 961 456 gallae
994 400 1226 442 admiscere
1259 414 1455 454 saporem

316 459 561 513 arentisque
593 473 715 501 rosas
749 461 823 501 aut
855 459 945 514 igni
977 459 1155 514 pinguia
1186 459 1321 500 multo

316 517 484 558 defruta
516 518 583 559 vel
614 518 776 572 psithia
808 532 958 572 passos
991 518 1042 559 de
1074 518 1159 560 vite
1191 531 1382 559 racemos

169 581 253 617 270

315 574 652 631 Cecropiumque
683 576 882 631 thymum
914 580 957 618 et
988 590 1117 632 grave
1149 576 1313 618 olentia
1344 579 1585 618 centaurea.

315 637 380 676 est
411 636 541 676 etiam
572 635 651 677 flos
684 635 728 676 in
759 636 913 690 pratis,
945 636 1012 676 cui
1044 649 1200 676 nomen
1233 635 1387 677 amello

314 693 452 734 fecere
485 694 717 749 agricolae,
748 694 888 736 facilis
921 694 1225 748 quaerentibus
1254 693 1406 747 herba3

316 766 500 806 namque
533 766 618 793 uno
650 752 871 807 ingentem
902 753 1019 794 tollit
1049 752 1099 794 de
1131 753 1317 806 caespite
1351 753 1522 806 silvam,

318 824 470 851 aureus
503 811 614 864 ipse,
647 810 720 851 sed
751 811 794 851 in
825 810 958 864 foliis,
990 825 1097 865 quae
1129 811 1313 866 plurima
1345 811 1504 853 circum

170 875 194 910 {0

202 875 252 910 a}

318 868 566 922 funduntur,
597 868 736 910 violae
770 869 966 910 sublucet
995 884 1183 924 purpura
1214 870 1381 924 nigrae3

316 942 444 981 saepe
477 927 602 968 deum
634 928 755 968 nexis
788 930 966 969 ornatae
998 928 1224 982 torquibus
1257 943 1374 983 arae3

316 1000 440 1040 asper
471 986 518 1027 in
549 1000 621 1027 ore
655 1000 802 1041 sapor3
834 986 970 1027 tonsis
1002 986 1049 1027 in
1080 987 1266 1028 vallibus
1298 987 1421 1028 illum

316 1047 516 1099 pastores
549 1047 592 1086 et
624 1059 751 1086 curva
782 1046 932 1100 legunt
961 1059 1095 1098 prope
1126 1044 1304 1086 flumina
1334 1045 1501 1087 Mellae.

315 1103 441 1145 hujus
474 1102 653 1145 odorato
685 1103 850 1145 radices
882 1104 1063 1158 incoque
1094 1102 1264 1145 Baccho

171 1167 255 1204 280

316 1161 557 1217 pabulaque
589 1162 633 1203 in
664 1162 829 1204 foribus
862 1162 999 1217 plenis
1033 1176 1202 1216 appone
1237 1162 1447 1204 canistris.

373 1219 455 1262 Sed
487 1221 524 1262 si
557 1236 684 1276 quem
714 1221 855 1276 proles
889 1221 1032 1262 subito
1065 1220 1268 1263 defecerit
1299 1221 1439 1262 omnis

314 1294 408 1333 nec,
441 1293 574 1335 genus
607 1280 718 1321 unde
749 1295 886 1322 novae
919 1280 1066 1334 stirpis
1098 1282 1338 1333 revocetur,
1370 1278 1566 1333 habebit,

314 1342 484 1393 tempus
517 1341 559 1380 et
589 1338 763 1381 Arcadii
794 1338 1071 1381 memoranda
1102 1339 1278 1380 inventa
1308 1338 1508 1393 magistri

312 1397 520 1451 pandere,
553 1412 719 1453 quoque
751 1397 878 1440 modo
912 1398 1046 1440 caesis
1078 1398 1165 1439 iam
1198 1411 1324 1452 saepe
1355 1396 1545 1438 iuvencis

168 1460 251 1497 285

316 1456 553 1497 insincerus
586 1471 687 1510 apes
719 1456 867 1498 tulerit
898 1471 1034 1498 cruor.
1097 1456 1226 1497 altius
1260 1470 1430 1498 omnem

314 1514 536 1568 expediam
569 1516 707 1569 prima
738 1517 936 1569 repetens
969 1515 1022 1556 ab
1057 1515 1220 1570 origine
1253 1514 1427 1557 famam.

311 1587 412 1614 nam
445 1588 528 1627 qua
561 1573 720 1614 Pellaei
751 1587 856 1628 gens
888 1573 1108 1615 fortunata
1140 1572 1305 1627 Canopi

163 1700 295 1782 ξαφὲἓοε
319 1699 455 1742 odores,
481 1700 553 1745 vgl.
582 1700 713 1745 Georg.
740 1700 803 1743 III,
830 1705 910 1736 415.

211 1809 291 1840 267.
318 1816 493 1850 saporem,
518 1806 593 1851 vgl.
620 1818 652 1839 v.
682 1810 736 1841 62.
764 1827 807 1831 —
828 1809 911 1841 tmi-

161 1863 253 1894 wm,
281 1853 352 1897 vgl,
378 1865 411 1887 v.
435 1856 514 1887 259.
536 1873 579 1878 —
601 1853 805 1896 admiscere,
826 1853 909 1888 dem

162 1899 297 1945 Honig.

210 1950 290 1982 269.
317 1947 501 1990 defrutum
535 1947 694 1990 (clefruo,
724 1947 911 1990 deseri-ee),

163 1993 430 2039 eingekochter
440 1993 540 2029 Most
550 1994 637 2039 (vgl.
647 1995 779 2039 Georg.
793 1995 819 2039 1,
828 1997 910 2038 295)

163 2041 240 2075 und
259 2052 356 2075 zwar
374 2041 464 2086 lang
481 2041 557 2075 und
579 2041 665 2076 dick
689 2041 910 2086 eingekoch-

163 2090 237 2132 ter,
267 2089 430 2133 pinyuia
458 2089 538 2133 iym‘
561 2089 684 2124 multo.
706 2109 748 2113 —
773 2089 911 2132 psithia

162 2135 206 2169 de
225 2136 306 2177 rite,
332 2135 406 2180 vgl.
434 2134 565 2180 Georg.
593 2135 637 2178 Π,
663 2139 718 2170 93.

211 2186 290 2217 270.
320 2182 530 2226 Cecropium
561 2182 738 2227 thymum,
774 2182 849 2227 vgl.
876 2195 909 2218 v.

164 2232 242 2264 177.
281 2249 323 2257 —-
361 2232 564 2263 centaurea.
614 2228 688 2263 Das
725 2229 910 2264 Tausend-

118 2275 122 2279 '
163 2275 413 2319 gffldenkraut
454 2275 559 2309 hatte
604 2275 730 2310 seinen
766 2276 911 2311 Namen

163 2332 235 2356 von
256 2322 340 2356 dem
357 2321 560 2356 Centauren
583 2321 731 2365 Chiron,
752 2323 912 2358 welcher

162 2368 232 2403 mit
275 2368 487 2403 demselben
532 2369 602 2403 den
645 2369 761 2404 durch
804 2370 910 2405 einen

163 2415 258 2450 Pfeil
282 2415 545 2450 verwundeten
570 2415 661 2450 Fuss
689 2416 752 2451 des
771 2416 910 2452 Hercu-

164 2462 215 2497 les
241 2462 366 2498 heilte.

211 2524 290 2555 271.
330 2521 496 2562 amellus,
531 2522 629 2555 aster
667 2521 822 2556 amellus
855 2522 907 2565 L.,

163 2566 409 2602 Sternblume.

212 2630 291 2660 273.
330 2636 403 2660 um)
440 2626 483 2660 de
521 2626 684 2670 caespite.
735 2625 812 2660 Auf
845 2626 910 2661 der

164 2672 335 2718 gleichen
367 2672 481 2707 Stelle
518 2673 688 2707 wachsen
720 2683 786 2707 aus
817 2673 909 2708 viel-

164 2719 320 2764 fasriger
338 2719 490 2754 Wurzel
509 2718 717 2754 zahlreiche
737 2719 909 2754 Blumen-

163 2766 308 2812 stengel
331 2766 473 2801 hervor.
829 2788 832 2789 γ

211 2829 290 2860 274.
317 2826 405 2869 ipse,
429 2825 504 2869 vgl.
529 2836 562 2859 v.
591 2828 646 2860 75.
691 2824 781 2859 Hier
804 2824 911 2860 weist

162 2872 239 2915 ipse
264 2872 330 2907 auf
351 2872 423 2907 den
448 2871 565 2906 Kelch
601 2871 813 2916 gegenfiber
839 2872 909 2906 den

163 2918 502 2954 Blfithenblattern.

1031 1704 1112 1735 275.
1143 1701 1288 1744 nimae,
1327 1699 1616 1743 dunkelfarben,
1654 1698 1728 1744 vgl.

983 1759 1015 1781 V·
1031 1751 1123 1829 2137?-
1138 1794 1253 1828 tonsis
1276 1794 1318 1828 in
1341 1793 1509 1828 vallibus.
1555 1793 1631 1828 Das
1649 1792 1730 1828 hier

983 1840 1220 1876 bezeichnete
1263 1839 1486 1875 Sternkraut
1528 1840 1639 1876 bh'iht
1676 1839 1728 1874 -im

982 1887 1137 1927 Herbst,
1180 1898 1288 1922 wenn
1325 1886 1385 1922 die
1429 1887 1580 1922 Wiesen
1617 1886 1729 1932 abge-

982 1934 1089 1970 maht
1114 1934 1207 1969 sind.

1030 1985 1110 2016 278.
1144 1981 1278 2024 Mella,
1317 1981 1376 2016 ein
1413 1980 1629 2016 Nebenfluss
1665 1980 1729 2016 des

984 2028 1102 2064 Ollius
1140 2027 1279 2073 (Oglio)
1320 2028 1358 2063 in
1402 2028 1467 2063 der
1507 2027 1615 2063 Nahe
1657 2038 1729 2063 von

982 2076 1145 2110 Mantua.

1030 2127 1109 2157 279.
1136 2123 1286 2157 odorato
1311 2122 1468 2163 Baccho,
1493 2120 1730 2166 gewohnlich

983 2169 1053 2204 mit
1067 2169 1329 2204 amineischem
1337 2169 1479 2204 Weine.
1499 2167 1584 2214 Vgl.
1593 2166 1727 2213 Georg.

1031 2266 1096 2298 281
1127 2284 1169 2287 —-
1196 2267 1276 2297 314.
1310 2262 1389 2297 Vooi
1414 2262 1477 2297 der
1506 2260 1728 2297 Wiederlaer-

982 2311 1137 2354 stelluny
1162 2310 1222 2344 des
1246 2309 1562 2344 Bienenstammes.

1030 2361 1109 2392 281.
1153 2356 1322 2398 defecerit
1356 2375 1400 2380 —
1438 2355 1592 2391 habebit.
1653 2355 1728 2390 Das

982 2404 1135 2439 letztere
1160 2403 1210 2438 ist
1243 2403 1309 2438 der
1345 2402 1531 2438 dauernde
1564 2401 1729 2438 Zustand

982 2450 1037 2484 als
1061 2450 1177 2495 Folge
1209 2449 1272 2485 des
1303 2451 1426 2485 zuerst
1451 2449 1729 2495 eingetretenen

980 2497 1008 2532 F
1012 2497 1114 2533 alles.

1029 2547 1107 2578 283.
1129 2544 1287 2579 Arcadii
1305 2544 1483 2588 magistri.
1521 2543 1596 2578 Der
1619 2543 1728 2578 arka-

981 2591 1106 2626 dische
1133 2590 1284 2625 Meister
1315 2601 1392 2625 war
1425 2590 1490 2625 der
1514 2589 1622 2625 Hirte
1647 2589 1728 2625 Axi-

981 2640 1092 2673 stans.
1137 2637 1220 2683 Vgl
1247 2637 1379 2682 Georg.
1405 2637 1432 2682 Ι,
1460 2640 1513 2672 14.

1029 2688 1109 2721 284.
1135 2695 1274 2730 quoque
1297 2685 1401 2719 modo
1429 2704 1471 2708 —
1497 2684 1640 2726 Merit,
1671 2694 1726 2719 er-

982 2732 1148 2776 ganzend
1167 2744 1211 2766 zu
1235 2733 1392 2767 inventa.
1431 2741 1498 2776 que
1521 2729 1727 2775 entspricht

982 2779 1067 2813 dem
1090 2778 1401 2832 vorangehenden
1425 2781 1467 2812 et.

1029 2830 1110 2861 285.
1130 2836 1238 2861 cruor
1256 2826 1470 2868 insincerus,
1490 2822 1605 2858 durch
1617 2821 1726 2857 Faul-

982 2872 1057 2906 niss
1082 2872 1328 2908 verdorbenes
1354 2871 1450 2906 Blut.

1030 2922 1109 2954 287.
1123 2930 1196 2963 qua
1214 2929 1299 2963 qens
1316 2919 1509 2961 fortwnata
1527 2917 1596 2951 etc.
1625 2913 1729 2950 Statt
