1909 3216
731 155 987 191 GEORGICA.
1037 156 1099 192 IV.

1617 158 1700 199 143

287 268 459 308 centum
491 277 599 318 quae
633 263 782 316 silvas,
814 265 985 303 centum
1018 276 1125 316 quae
1157 263 1335 306 fiumina
1367 267 1550 307 servant.

284 328 352 366 ter
381 322 543 378 liquido
576 320 796 362 ardentem
826 320 1043 374 perfundit
1073 323 1244 363 nectare
1277 322 1474 375 Vestam,

137 389 221 427 385
285 386 350 425 ter
379 382 553 423 flamma
583 379 638 421 ad
669 393 884 421 summum
914 379 1020 421 tecti
1046 379 1246 433 *subiecta
1276 383 1444 424 reluxit.

284 441 427 484 omine
460 453 543 494 quo
570 438 752 479 firmans
784 438 976 479 animum
1009 437 1069 480 sic
1100 438 1253 493 incipit
1283 440 1396 494 ipsa:

342 499 422 541 ‘est
452 498 497 540 in
529 496 763 552 Carpathio
795 496 989 551 Neptuni
1020 498 1192 553 gurgite
1224 501 1343 540 vates

279 558 500 600 caeruleus
530 556 732 610 Proteus,
763 569 971 611 magnum
1003 556 1075 610 qui
1105 556 1295 611 piscibus
1328 573 1487 613 aequor

278 620 321 660 et
350 618 495 658 iuncto
527 615 732 670 bipedum
763 629 889 656 curru
921 616 1098 656 metitur
1128 630 1346 671 equorum.

128 682 214 720 390
274 676 346 718 1116
374 689 490 717 1111116
521 674 750 716 Emathiae
781 676 933 728 portus
964 674 1232 729 patriamque
1263 677 1412 718 revisit

271 735 498 789 Pallenen,
530 734 646 775 hunc
679 735 722 774 et
751 731 980 788 Nymphae
1012 748 1267 776 veneramur
1299 738 1343 777 et
1373 736 1465 790 ipse

273 793 543 850 grandaevus
574 791 760 845 Nereus3
790 793 912 834 novit
942 807 1127 847 namque
1160 795 1306 836 omnia
1336 798 1474 850 vates,

273 867 381 908 quae
414 853 521 906 sint,
554 865 661 906 quae
693 850 873 906 fuerint,
906 866 1015 906 quae
1046 867 1146 893 mox
1178 855 1358 895 ventura
1388 855 1636 911 trahantur,

274 912 431 967 quippe
463 911 526 952 ita
556 910 762 964 Neptuno
795 911 934 951 visum
967 913 1051 966 est,
1082 911 1290 954 immania
1322 913 1441 955 cuius

127 975 210 1013 395

275 973 469 1012 armenta
501 973 544 1011 et
574 970 712 1024 turpis
744 969 883 1023 pascit
914 970 994 1011 sub
1027 971 1198 1025 gurgite
1230 971 1405 1025 phocas.

275 1029 346 1071 hic
377 1029 477 1083 tibi,
508 1031 629 1082 nate,
660 1028 779 1082 prius
811 1028 963 1070 vinclis
996 1029 1246 1084 capiendus,
1277 1033 1327 1072 ut
1358 1046 1530 1074 omnem

275 1088 475 1142 expediat
505 1087 646 1129 morbi
678 1101 852 1128 causam
884 1091 1146 1143 eventusque
1179 1090 1393 1132 secundet.

274 1161 378 1188 nam
410 1147 500 1188 sine
531 1146 574 1187 vi
603 1161 694 1188 non
726 1145 814 1188 ulla
846 1146 966 1188 dabit
996 1150 1243 1203 praecepta,
1273 1163 1411 1204 neque
1443 1150 1565 1191 illum

275 1205 437 1248 orando
470 1205 633 1261 flectes;
663 1205 752 1246 vim
785 1205 935 1247 duram
967 1209 1010 1247 et
1041 1207 1212 1249 vincula
1244 1211 1371 1263 capto

125 1268 212 1307 400

274 1264 419 1318 tende3
452 1264 539 1306 doli
571 1264 731 1306 circum
761 1264 868 1307 haec
900 1264 1072 1307 demum
1102 1266 1366 1321 franguntur
1395 1268 1558 1310 inanes.

273 1324 369 1377 ipsa
400 1336 479 1378 ego
513 1326 574 1377 te,
606 1323 770 1365 medios
804 1338 899 1365 cum
933 1325 997 1365 sol
1029 1325 1272 1367 accenderit
1303 1329 1468 1381 aestus,

274 1396 371 1424 cum
403 1382 558 1423 sitiunt
588 1381 749 1424 herbae
782 1386 825 1424 et
855 1383 1000 1437 pecori
1031 1384 1119 1425 iam
1150 1385 1315 1439 gratior
1346 1386 1499 1427 umbra
1530 1392 1614 1441 est,

275 1442 320 1482 in
352 1443 516 1482 secreta
548 1441 661 1482 senis
695 1441 866 1496 ducam,
899 1456 983 1496 quo
1015 1442 1154 1484 fessus
1187 1444 1240 1485 ab
1273 1444 1399 1486 undis

273 1514 317 1541 66
348 1500 518 1555 recipit,
548 1500 676 1542 facile
707 1503 756 1541 ut
788 1515 939 1542 somno
973 1502 1227 1556 aggrediare
1259 1503 1481 1545 iacentem.

123 1563 207 1601 405

271 1573 421 1600 verum
452 1559 527 1600 ubi
559 1561 802 1613 correptum
833 1560 1031 1602 manibus
1063 1561 1301 1617 vinclisque
1333 1563 1518 1617 tenebis,

269 1621 363 1659 tum
393 1618 538 1659 variae
571 1618 747 1660 eludent
779 1619 940 1674 species
973 1622 1100 1675 atque
1134 1635 1211 1662 ora
1241 1621 1444 1664 ferarum.

270 1677 344 1718 fiet
374 1677 490 1718 enim
523 1677 664 1718 subito
698 1692 769 1719 sus
801 1678 1001 1720 horridus
1035 1681 1212 1734 atraque
1244 1681 1368 1736 tigris

124 1838 189 1873 der
208 1837 458 1883 gemeinsame
471 1839 588 1874 Vater
607 1839 671 1874 des
691 1849 872 1884 gesamm-
896 1851 900 1854 ·

124 1887 188 1920 ten
226 1885 515 1930 Wasserreiohs,
558 1885 628 1920 wie
671 1885 764 1920 Zeus
809 1886 874 1921 der

122 1931 239 1967 Vater
264 1931 329 1967 der
355 1932 488 1967 Gotter
512 1933 589 1967 und
613 1932 814 1968 Menschen
832 1933 871 1968 in

124 1979 191 2014 der
217 1978 406 2014 Oberwelt
430 1979 489 2015 ist.

171 2030 251 2062 383.
287 2030 441 2069 centum,
467 2027 549 2062 eine
575 2026 691 2061 runde
717 2026 807 2062 Zahl
833 2027 871 2062 in

124 2073 190 2109 der
214 2073 536 2119 Dichtersprache.
566 2095 608 2098 —
636 2077 792 2117 servant,
819 2074 871 2109 sie

121 2121 329 2156 bewohnen
372 2122 448 2156 und
491 2121 714 2157 beschfitzen
757 2121 871 2157 Wald

123 2168 199 2203 und
224 2168 364 2204 Fh'isse.

171 2219 250 2251 386.
278 2216 373 2261 ipsa,
398 2216 472 2261 vgl.
500 2228 532 2251 v.
563 2220 617 2251 75.

171 2266 251 2298 387.
296 2264 339 2298 in
365 2263 566 2308 Carpathio
592 2264 753 2308 yuryite,
786 2263 870 2298 zwi-

127 2309 239 2344 schen
264 2309 418 2345 Rhodus
443 2310 519 2344 und
547 2309 666 2346 Creta.

171 2360 251 2391 388.
283 2357 451 2400 piscibus
482 2361 514 2392 et
546 2359 670 2393 iwneto
703 2358 872 2403 bipedum

124 2413 238 2438 curru
268 2413 457 2447 equorum,
489 2404 549 2439 ein
577 2403 622 2440 ἓν
653 2402 718 2440 διὰ
750 2407 870 2449 δυοῖν,

124 2449 245 2485 wobei
283 2450 452 2494 bipedum
483 2461 653 2496 equorum
691 2464 869 2498 epexege-

123 2497 220 2532 tisch
259 2509 302 2532 zu
334 2498 501 2541 piscibus
531 2499 591 2535 ist.
660 2500 766 2535 Denn
810 2500 870 2535 die

124 2544 207 2589 equi
232 2544 374 2588 bipedes
400 2544 482 2580 sind
508 2545 601 2580 eben
625 2546 725 2582 (11666
739 2549 870 2592 pisces,

123 2590 329 2626 fabelhafte
368 2591 575 2636 Seethiere,
613 2603 673 2628 am
711 2594 869 2630 Vorder-

124 2638 260 2683 korper
290 2638 418 2683 Pferd,
450 2639 515 2674 das
546 2639 584 2674 in
611 2640 718 2676 einen
743 2642 868 2677 Fisch-

124 2685 200 2720 1611)
226 2685 347 2722 endet.

173 2735 252 2768 390.
279 2732 487 2776 Emathiae,
507 2734 580 2779 vgl.
597 2734 728 2780 Georg.
746 2735 774 2780 I,
789 2740 867 2771 492.

172 2783 251 2815 391.
282 2779 470 2823 Pallenen,
497 2781 578 2816 eine
605 2782 669 2816 der
694 2782 868 2818 (11611116,-

125 2826 371 2862 cedonischen
391 2827 639 2873 Landzungen
665 2840 736 2865 von
761 2829 869 2865 Chal-

125 2874 251 2910 cidice.

172 2925 252 2956 392.
272 2922 503 2967 yramlaevus
510 2922 662 2967 Nereus,
677 2923 742 2958 der
755 2923 870 2960 Vater

947 1841 1012 1876 der
1049 1842 1358 1888 Meernymphen,
1396 1843 1462 1878 der
1498 1844 1694 1890 Nereiden,

947 1888 1011 1923 der
1038 1888 1140 1924 Sohn
1165 1889 1229 1924 des
1248 1890 1390 1925 Pontus
1415 1891 1492 1925 und
1518 1891 1582 1927 der
1602 1892 1693 1937 Gaa,

946 1946 1022 1970 war
1048 1935 1129 1971 eine
1155 1936 1221 1971 der
1245 1937 1407 1973 altesten
1433 1938 1661 1975 Gottheiten.

993 1998 1072 2029 393.
1100 1996 1310 2039 trahantur,
1333 1997 1442 2032 weist
1459 1997 1527 2032 auf
1542 1998 1602 2034 die
1622 1998 1695 2034 fer-

944 2052 1031 2076 nere
1058 2042 1222 2078 Zukunft
1246 2043 1321 2079 hin.

992 2104 1072 2136 395.
1098 2102 1230 2146 turpis,
1254 2103 1327 2147 vgl.
1356 2102 1489 2150 Georg.
1516 2105 1579 2149 HI,
1606 2110 1663 2140 52.

944 2163 1078 2241 VI39165
1111 2161 1241 2196 vinclis
1267 2163 1483 2207 capiendus,
1509 2164 1584 2210 vgl.
1611 2164 1692 2200 Ecl.

991 2269 1070 2302 397.
1108 2268 1285 2303 secundet.
1323 2271 1523 2305 secundare
1553 2271 1693 2314 (secun-

944 2313 1029 2355 dus)
1053 2313 1179 2359 folgen
1198 2316 1367 2361 macheu,
1388 2321 1560 2361 eventum,
1584 2318 1693 2354 einen

943 2359 1085 2441 Er{⁰lg'
1112 2362 1146 2396 d.
1167 2362 1189 2397 i.
1211 2363 1319 2399 einen
1342 2364 1543 2410 gtinstigen
1561 2365 1693 2411 Erfolg

943 2417 988 2451 ge
1018 2418 1073 2442 en.

991 2457 1070 2490 399.
1109 2459 1142 2490 et
1166 2457 1332 2501 vincula,
1358 2459 1620 2504 epexegetisch
1646 2472 1692 2495 zu

942 2502 1015 2535 vim
1045 2502 1196 2538 duram:
1231 2504 1307 2539 und
1341 2517 1439 2541 zwar
1474 2510 1624 2542 mfissen
1653 2518 1692 2543 es

943 2548 1069 2584 Bande
1096 2550 1183 2587 sein.
1235 2551 1319 2597 Vgl.
1348 2552 1480 2598 Georg.
1508 2554 1553 2598 II,
1581 2558 1660 2590 290.

991 2600 1071 2632 400.
1097 2597 1173 2633 (loli
1197 2600 1337 2643 inanes,
1357 2600 1455 2636 16616
1474 2601 1691 2637 Ausflsichte

943 2643 1006 2678 des
1037 2643 1278 2691 Meergottes‚
1312 2659 1374 2682 um
1407 2648 1512 2684 m'cht
1538 2661 1584 2683 zu
1608 2660 1691 2694 pro-

942 2690 1130 2735 phezeien.
1165 2714 1208 2718 —
1240 2695 1377 2730 circum
1401 2696 1487 2731 haec
1511 2697 1692 2740 (vincula)

942 2738 1182 2784 t'ranquntwr,
1204 2752 1277 2777 von
1297 2742 1363 2778 der
1381 2742 1503 2788 Woge
1524 2744 1690 2778 6111110111-

942 2796 1036 2820 men.

990 2836 1070 2868 407.
1096 2834 1280 2880 horridus,
1299 2848 1373 2872 von
1392 2837 1478 2872 dem
1497 2836 1690 2881 borstigen

942 2878 1034 2914 Leib
1070 2881 1133 2917 des
1160 2882 1379 2920 Schweines.
1407 2904 1450 2909 —
1478 2887 1580 2927 atra,
1615 2884 1689 2929 vgl.

943 2927 1075 2973 Georg.
1102 2929 1129 2974 Ι,
1159 2934 1235 2967 129.
