1909 3216
626 758 672 810 P.
713 757 964 813 VERGILI
1004 760 1280 813 MARONIS

498 865 556 927 G
609 866 663 928 E
717 866 772 929 O
826 866 886 929 R
940 868 999 930 G
1051 868 1083 930 I
1138 866 1186 930 C
1242 867 1297 930 Ο
1352 867 1414 929 N

747 988 894 1033 LIBER
925 988 1159 1042 QUARTUS.

354 1144 556 1185 Protinus
591 1143 693 1184 aerii
725 1143 866 1183 mellis
898 1142 1100 1183 caelestia
1132 1141 1246 1183 dona

296 1216 522 1257 exsequar3
556 1202 666 1242 hane
699 1202 847 1254 etiam,
880 1200 1122 1255 Maecenas,
1156 1201 1298 1254 aspice
1330 1202 1508 1253 partem.

297 1261 549 1303 admiranda
581 1260 660 1302 tibi
693 1261 849 1301 levium
884 1259 1131 1314 spectacula
1161 1272 1304 1300 rerum

298 1320 681 1376 magnanimosque
715 1318 841 1360 duces
873 1319 1091 1374 totiusque
1125 1317 1272 1360 ordine
1305 1317 1444 1372 gentis

207 1383 230 1418 (51

297 1394 438 1421 mores
472 1382 514 1420 et
547 1378 687 1419 studia
721 1381 763 1418 et
793 1379 976 1432 populos
1008 1379 1051 1418 et
1081 1377 1244 1431 proelia
1276 1375 1427 1417 dicam.

296 1439 340 1479 in
372 1438 492 1479 tenui
524 1437 663 1490 labor3
697 1438 741 1477 at
771 1437 911 1478 tenuis
943 1451 1031 1477 non
1065 1435 1219 1491 gloria,
1253 1434 1288 1476 si
1320 1449 1446 1489 quem

296 1497 474 1538 numina
505 1496 626 1537 laeva
659 1496 804 1536 sinunt
836 1495 1035 1549 auditque
1068 1496 1244 1536 vocatus
1276 1492 1447 1547 Apollo.

354 1554 569 1608 Principio
603 1554 722 1595 sedes
756 1554 908 1607 apibus
941 1553 1156 1607 statioque
1187 1551 1390 1606 petenda,

297 1628 380 1668 quo
413 1627 549 1667 neque
584 1613 638 1653 sit
670 1613 808 1653 ventis
842 1612 1001 1665 aditus,
1034 1626 1133 1652 nam
1167 1611 1325 1665 pabula
1356 1609 1473 1651 venti

180 1675 234 1711 10
298 1675 406 1713 ferre
439 1672 610 1713 domum
643 1670 889 1724 prohibent,
922 1684 1055 1724 neque
1089 1684 1189 1711 oves
1220 1668 1429 1722 haedique
1461 1668 1622 1722 petulci

298 1731 476 1772 floribus
509 1730 715 1771 insultent
748 1732 822 1770 aut
854 1743 999 1770 errans
1032 1728 1188 1770 bucula
1219 1741 1370 1781 campo

298 1789 487 1830 decutiat
520 1803 660 1830 rorem
693 1790 735 1828 et
768 1788 984 1843 surgentis
1019 1789 1179 1828 atterat
1210 1786 1378 1827 herbas.

298 1848 443 1889 absint
475 1850 516 1888 et
547 1847 651 1901 picti
685 1846 925 1901 squalentia
956 1848 1079 1901 terga
1110 1845 1260 1887 lacerti

296 1906 531 1962 pinguibus
565 1921 590 1946 a
622 1905 804 1946 stabulis
837 1918 1118 1958 meropesque
1152 1904 1342 1958 aliaeque
1374 1902 1568 1944 volucres

182 1968 233 2005 15
299 1968 341 2007 et
372 1965 572 2006 manibus
606 1963 769 2005 Procne
802 1966 948 2018 pectus
983 1963 1155 2018 signata
1186 1961 1391 2016 eruentis,

299 2025 442 2066 omnia
474 2038 572 2064 nam
605 2024 690 2063 late
723 2025 896 2064 vastant
927 2023 1127 2076 ipsasque
1159 2020 1346 2062 volantis

299 2097 370 2124 ore
401 2083 546 2123 ferunt
578 2081 744 2122 dulcem
776 2080 889 2122 nidis
922 2081 1160 2122 immitibus
1193 2093 1345 2121 escam.

302 2144 347 2182 at
376 2140 527 2195 liquidi
560 2140 701 2181 fontes
736 2143 778 2181 et
810 2142 967 2195 stagna
997 2138 1182 2180 virentia
1212 2152 1358 2179 musco

299 2199 441 2240 adsint
473 2202 514 2240 et
544 2199 686 2240 tenuis
720 2198 887 2253 fugiens
920 2213 995 2252 per
1028 2197 1224 2253 gramina
1254 2196 1389 2249 rivus,

183 2263 238 2300 20
299 2258 527 2311 palmaque
560 2257 817 2298 vestibulum
851 2260 925 2298 aut
957 2257 1107 2311 ingens
1140 2255 1323 2297 oleaster
1354 2252 1585 2306 inumbret,

235 2383 370 2418 Viertes
396 2383 512 2418 Bach.
564 2383 645 2418 Von
678 2383 743 2418 der
771 2384 924 2418 Bienen-

181 2430 290 2466 zucht
314 2431 390 2465 und
416 2430 746 2475 Honigbereitung.

229 2482 330 2512 1—7.
365 2477 592 2522 Einlez'tuny.

229 2530 259 2560 1.
293 2525 386 2559 aerii
410 2525 544 2566 mellis,
574 2524 647 2568 vgl.
675 2524 750 2558 Ecl.
779 2524 840 2568 IV,
867 2528 922 2559 30.

228 2576 260 2606 3.
305 2572 453 2612 levium,
485 2569 689 2614 Gegensatz
715 2571 835 2605 neben
861 2571 923 2605 acl-

180 2619 369 2653 miramla:
396 2618 533 2662 Dinge,
560 2617 630 2660 die,
658 2618 725 2652 wie
753 2618 817 2652 der
843 2618 923 2652 Bie-

179 2666 364 2706 nenstaat,
392 2664 591 2699 {iusserlich
618 2674 711 2708 ganz
737 2665 923 2700 unbedeu-

180 2711 269 2747 tend
296 2711 507 2746 erscheinen
540 2711 615 2745 und
647 2711 741 2746 doch
777 2711 837 2746 bei
863 2722 924 2757 ge-

181 2769 295 2794 nauer
338 2758 592 2801 Betrachtung
645 2758 925 2802 Bewunderung

181 2816 344 2851 erregen.

230 2857 260 2887 7.
299 2852 454 2887 numina
480 2851 599 2893 laeva,
631 2851 835 2896 ungfinstig
864 2862 925 2896 ge—

182 2899 347 2934 stimmte
369 2898 598 2942 Gottheiten,
619 2897 683 2932 das
704 2897 925 2942 Gegentheil

181 2947 337 2981 dextera.

1045 2385 1171 2418 8—50.
1232 2381 1310 2415 Von
1341 2380 1403 2415 cler
1433 2380 1534 2424 [αρε
1565 2379 1625 2415 des
1654 2379 1740 2416 Bie-

997 2430 1197 2464 nenlzauses
1222 2428 1300 2462 und
1325 2427 1386 2462 der
1411 2426 1680 2463 Bienemwcke.

1045 2480 1100 2510 14.
1122 2475 1327 2520 pinquibus
1346 2486 1369 2509 α.
1387 2474 1553 2516 stabulis,
1576 2484 1650 2509 von
1668 2473 1741 2508 den

997 2523 1101 2569 dicht
1138 2522 1207 2557 mit
1240 2521 1378 2557 Bienen
1415 2520 1491 2556 und
1520 2520 1645 2566 Honig
1675 2530 1739 2566 ge-

996 2570 1128 2605 ffillten
1179 2568 1350 2603 Stocken.
1389 2588 1433 2593 —
1470 2577 1626 2612 merops,
1675 2567 1741 2602 der

996 2615 1234 2658 Bienenwolf,
1262 2614 1540 2660 Bienenspecht.

1048 2667 1100 2699 15.
1131 2663 1283 2705 Procne,
1308 2662 1382 2707 vgl.
1408 2661 1485 2696 Eel.
1512 2660 1573 2705 VI,
1601 2663 1655 2695 78.

1049 2715 1101 2745 16.
1129 2710 1252 2745 omnia
1264 2711 1421 2751 vastant,
1435 2707 1551 2743 durch
1564 2706 1742 2752 detung

999 2757 1063 2792 der
1090 2756 1237 2792 Bienen.
1283 2755 1491 2797 immitibus,
1517 2753 1738 2799 Hypallage.

1048 2808 1101 2838 19.
1129 2804 1248 2838 tenuis
1272 2803 1428 2847 fuyie‘ns,
1453 2801 1527 2846 vgl.
1554 2799 1684 2845 Georg.
1711 2799 1740 2843 Ι,

1047 2902 1100 2933 20.
1145 2896 1377 2938 vestibulum,
1418 2893 1499 2929 hier
1541 2892 1605 2927 der
1647 2890 1738 2926 freie

997 2944 1100 2979 Platz
1125 2955 1191 2979 voi·
1211 2943 1294 2977 dem
1314 2940 1579 2977 Bienenhause.
1630 2937 1738 2973 Allzu
