1909 3216
213 183 297 223 114

806 179 1060 216 GEORGICA.
1110 181 1172 215 111.

359 290 487 331 molle
519 303 648 343 pecus
681 288 951 343 scabiemque
983 288 1093 330 ferat
1123 288 1342 344 turpisque
1375 288 1602 344 podagras

213 353 298 390 300

361 351 459 402 post
488 347 590 389 hinc
623 347 839 403 digressus
873 347 997 388 iubeo
1030 346 1277 389 frondentia
1307 348 1446 402 capris

361 407 515 448 arbuta
547 406 739 448 sufficere
772 409 814 448 et
845 406 997 447 fluvios
1029 405 1232 460 praebere
1262 403 1444 448 recentis

361 468 404 506 et
437 466 605 507 stabula
637 480 661 507 a
693 466 831 506 ventis
864 465 1042 506 hiberno
1077 478 1290 518 opponere
1324 466 1403 507 soli

364 524 417 565 ad
450 524 635 565 medium
669 538 873 565 conversa
907 523 1037 577 diem,
1069 538 1164 564 cum
1195 522 1377 578 frigidus
1410 525 1513 566 olim

365 583 450 624 iam
483 583 597 624 cadit
631 585 903 636 extremoque
930 582 1095 623 inrorat
1121 582 1335 636 Aquarius
1362 597 1486 625 311110.

216 647 298 684 305

362 641 467 684 haec
502 655 668 696 quoque
699 656 786 682 non
818 655 919 682 cura
950 641 1075 682 nobis
1107 641 1264 682 leviore
1296 641 1470 695 tuenda,

363 715 440 742 nec
473 701 612 741 minor
644 714 744 740 usus
777 700 874 753 erit,
906 699 1098 753 quamvis
1130 699 1299 741 Milesia
1329 713 1487 755 magno

362 760 520 800 vellera
552 760 773 799 mutentur
804 757 958 811 Tyrios
991 758 1158 799 incocta
1188 759 1386 800 rubores:

364 817 532 858 densior
562 816 662 857 hinc
695 816 884 869 suboles,
917 816 1017 857 hinc
1049 817 1159 872 largi
1192 818 1315 871 copia
1346 817 1488 870 lactis;

363 891 489 930 quam
522 875 659 930 magis
692 874 900 916 exhausto
933 876 1195 928 spumaverit
1226 876 1354 917 ubere
1387 876 1585 930 mulctra,

215 940 304 977 310

366 935 479 976 laeta
511 934 649 988 magis
681 933 841 986 pressis
874 934 1111 974 manabunt
1140 934 1317 975 flumina
1348 934 1558 976 mammis.

362 1007 440 1035 nec
472 993 612 1034 minus
644 992 808 1033 interea
840 991 996 1032 barbas
1029 992 1265 1047 incanaque
1299 995 1443 1034 menta

365 1051 569 1106 Cinyphii
601 1050 781 1092 tondent
812 1049 921 1091 hirci
954 1053 1176 1105 saetasque
1209 1052 1418 1092 comantis

363 1125 486 1152 usum
518 1110 563 1151 in
596 1112 836 1151 castrorum
869 1111 911 1150 et
942 1109 1109 1150 miseris
1142 1109 1354 1150 velamina
1384 1109 1540 1151 nautis.

362 1171 597 1224 pascuntur
627 1182 728 1209 vero
762 1168 890 1209 silvas
924 1170 967 1208 et
999 1181 1166 1209 summa
1197 1167 1351 1221 Lycaei

216 1234 299 1271 315

364 1228 664 1281 horrentisque
697 1226 827 1268 rubos
861 1229 904 1268 et
935 1227 1119 1267 amantis
1153 1226 1285 1267 ardua
1316 1226 1484 1280 dumos3

364 1290 491 1342 atque
524 1287 642 1340 ipsae
673 1300 884 1328 memores
916 1285 1095 1326 redeunt
1126 1285 1171 1325 in
1202 1287 1318 1326 tecta
1350 1299 1534 1340 suosque

365 1346 526 1387 ducunt
557 1348 601 1388 et
632 1344 811 1400 gravido
845 1347 1051 1398 superant
1081 1344 1150 1384 vix
1182 1344 1311 1385 ubere
1342 1344 1485 1385 limen.

363 1419 465 1459 ergo
499 1404 617 1445 omni
649 1403 790 1445 studio
824 1403 1005 1458 glaciem
1037 1405 1271 1457 ventosque
1303 1402 1476 1456 nivalis,

367 1477 450 1518 quo
483 1463 624 1503 minor
655 1464 721 1503 est
751 1462 836 1503 illis
871 1476 996 1503 curae
1028 1461 1224 1502 mortalis
1257 1463 1446 1516 egestas,

219 1527 305 1564 320

369 1525 533 1562 avertes
565 1520 808 1574 victumque
840 1520 952 1562 feres
984 1523 1027 1561 et
1057 1521 1203 1574 virgea
1233 1520 1374 1561 laetus

369 1580 544 1634 pabula,
575 1593 652 1620 nec
685 1582 778 1620 tota
810 1579 980 1620 claudes
1012 1578 1188 1620 faenilia
1219 1579 1381 1619 bruma.

364 1642 408 1680 at
439 1653 538 1679 vero
571 1630 769 1691 zephyris
803 1652 898 1678 cum
931 1638 1046 1678 laeta
1077 1637 1328 1678 vocantibus
1363 1638 1523 1689 aestas,

367 1698 410 1738 in
444 1697 579 1738 saltus
612 1699 840 1750 utrumque
873 1709 1047 1751 gregem
1080 1698 1206 1749 atque
1237 1695 1280 1735 in
1312 1708 1472 1748 pascua
1502 1693 1660 1734 mittes.

367 1754 552 1796 Luciferi
584 1754 721 1808 primo
754 1769 849 1795 cum
882 1755 1018 1795 sidere
1051 1754 1209 1809 frigida
1239 1768 1340 1794 rura

265 1852 346 1883 299.
373 1848 493 1891 turpis
512 1847 719 1891 poclayrcts,
751 1846 890 1881 Beulen
915 1857 960 1880 an

217 1896 280 1931 der
305 1895 435 1930 Klaue.

263 1946 343 1977 300.
364 1945 450 1986 post
474 1941 559 1975 hinc
584 1941 776 1984 diyressus,
802 1940 871 1974 mit
896 1940 963 1974 Be-

217 2001 286 2034 zug
312 1989 378 2024 auf
399 1989 588 2032 incipiens.

265 2040 344 2071 302.
384 2035 530 2069 hiberno
569 2044 745 2078 opponere
782 2034 866 2075 soli,
898 2033 963 2068 der

214 2083 475 2118 Wintersonne
502 2081 729 2126 gegenfiber‚
756 2081 790 2114 d.
816 2081 840 2116 i.
867 2081 963 2115 nach

218 2130 340 2166 Sfiden
366 2129 565 2174 gerichtet,
593 2139 616 2162 a
640 2129 756 2162 ventis
781 2138 962 2169 conversa,

218 2178 421 2222 pragnant:
462 2187 485 2210 a
516 2176 631 2209 ventis
668 2184 794 2209 aversa
825 2178 856 2208 et
881 2185 962 2211 con-

215 2235 319 2258 versa
345 2225 393 2257 ad
417 2223 573 2257 medium
598 2222 701 2255 diem.

263 2274 343 2304 304.
367 2270 567 2314 Aquarius.
607 2267 679 2302 Der
698 2267 962 2302 Wassermann

216 2317 308 2361 geht
332 2328 395 2350 um
421 2315 479 2350 die
500 2315 608 2349 Mitte
634 2314 697 2349 des
716 2314 878 2348 Februar
897 2326 962 2348 1111-

215 2367 282 2398 ter.
305 2383 347 2387 —
369 2366 522 2398 extremo
543 2372 650 2396 amm.
687 2361 752 2395 Bei
771 2361 841 2395 den
862 2361 962 2396 alten

218 2411 378 2445 Romen]
404 2409 552 2453 begann
577 2409 642 2442 das
669 2408 759 2443 Jahr
783 2407 853 2442 mit
878 2408 962 2442 dem

219 2459 340 2492 ersten
373 2455 483 2490 M'arz.
528 2455 601 2490 Der
632 2455 850 2489 Landmann
881 2455 964 2489 halt

217 2515 263 2539 an
290 2504 391 2538 alten
416 2502 708 2546 Einrichtungen
733 2502 816 2536 fest.

265 2554 344 2585 305.
378 2551 463 2584 haec
494 2559 630 2593 quoque
663 2550 806 2583 tuenda.
857 2549 963 2583 Auch

219 2596 412 2632 solcherlei
432 2596 653 2631 Hausthiere
679 2607 777 2630 muss
797 2606 882 2629 man
901 2595 962 2630 be—

217 2644 361 2678 achten.

265 2694 344 2726 306.
374 2690 542 2731 Milesia,
568 2689 641 2733 vgl.
669 2688 800 2733 Georg.
830 2690 855 2732 Ι,
884 2692 961 2722 120.

265 2741 345 2772 307.
372 2740 573 2778 mutentur,
605 2746 688 2770 vom
725 2735 863 2770 Kaufer
888 2735 963 2769 und

218 2783 434 2819 Verkaufer.

265 2834 344 2866 309.
371 2841 479 2875 quam
498 2830 624 2873 massis,
645 2828 824 2864 erfordert
843 2840 963 2874 genau

219 2878 419 2913 consti-uirt-
442 2880 517 2912 tam
540 2877 657 2920 mayis
674 2879 735 2911 (=
755 2886 824 2920 quo
848 2877 965 2920 magis

219 2945 262 2950 —
290 2935 328 2960 eo
353 2932 494 2968 maqzs).

1084 1849 1162 1879 312.
1208 1845 1383 1889 Cinyphii
1426 1845 1529 1879 hirci.
1586 1843 1653 1879 Bei
1694 1843 1779 1879 dem

1035 1892 1225 1936 libyschen
1262 1892 1369 1926 Fluss
1402 1891 1558 1936 Ciwyps,
1597 1890 1663 1925 der
1695 1889 1778 1926 zwi—

1035 1939 1147 1974 schen
1172 1939 1243 1973 den
1269 1939 1402 1983 Syr-ten
1427 1938 1596 1982 miindet,
1628 1937 1703 1984 gab
1728 1947 1778 1981 es,

1035 1986 1105 2020 wie
1130 1985 1168 2020 in
1195 1985 1365 2028 Cilicien‚
1397 1984 1583 2030 Phrygien
1607 1984 1684 2020 und.
1708 1984 1777 2028 Ly-

1037 2033 1122 2067 dien
1154 2033 1382 2078 langzottige
1409 2031 1680 2077 Ziegenbocke‚
1712 2041 1778 2065 aus

1035 2080 1147 2114 deren
1193 2079 1341 2114 Haaren
1389 2079 1502 2124 grobe
1546 2078 1690 2112 Tiicher
1733 2087 1777 2111 zu

1034 2126 1324 2169 Reisem‘anteln‚
1338 2126 1500 2169 Decken‚
1515 2123 1669 2168 Sacken,
1683 2123 1778 2158 auch

1036 2173 1257 2208 Schifisseile
1278 2185 1311 2207 u.
1327 2172 1400 2216 dgl.
1421 2171 1598 2216 gemacht
1615 2169 1777 2205 wurden.

1083 2224 1161 2255 313.
1188 2230 1293 2254 usum
1318 2220 1359 2253 in
1381 2221 1592 2253 casbrorum.
1629 2216 1778 2262 Kriegs-

1035 2267 1249 2301 maschinen
1301 2265 1453 2300 wurden
1497 2264 1617 2299 damit
1657 2274 1778 2310 gegen

1035 2313 1151 2348 Pfeile
1176 2312 1252 2347 und
1276 2311 1549 2347 Brandfackeln
1573 2310 1758 2356 gedeokt:

1083 2364 1163 2394 314.
1182 2359 1328 2403 Lycaei,
1341 2359 1415 2403 vgl.
1431 2371 1464 2393 v.
1479 2362 1558 2393 306.
1579 2357 1710 2402 Ecl.X‚
1723 2360 1778 2392 15.

1082 2411 1161 2441 316.
1188 2407 1300 2450 ipsae,
1325 2406 1397 2450 vgl.
1425 2405 1502 2441 Ecl.
1529 2404 1592 2449 IV,
1618 2409 1674 2440 21.

1082 2457 1162 2490 319.
1188 2463 1257 2497 quo
1282 2454 1401 2487 minor
1420 2455 1469 2487 est
1493 2455 1627 2497 eyestas
1645 2467 1690 2480 =
1709 2460 1780 2495 quo

1034 2501 1156 2534 minus
1175 2503 1284 2544 efflent.
1325 2499 1385 2534 Sie
1405 2499 1586 2535 bedfirfen
1604 2498 1685 2533 fast
1701 2496 1778 2532 kei-

1035 2557 1099 2581 ner
1121 2546 1395 2581 menschlichen
1414 2546 1555 2591 Pflege;
1581 2557 1651 2580 nur
1668 2543 1780 2579 ΚΞΝ-»6

1035 2604 1135 2628 muss
1161 2604 1247 2628 man
1273 2605 1346 2628 von
1369 2593 1483 2628 ihnen
1508 2592 1696 2627 abhalten.

1082 2644 1161 2675 320.
1183 2642 1307 2683 laetus,
1323 2640 1480 2685 freudig,
1499 2650 1624 2684 gerne,
1644 2638 1692 2673 da
1708 2637 1780 2672 mit

1036 2699 1075 2722 so
1102 2687 1293 2732 geringem
1318 2687 1448 2722 Futter
1473 2684 1692 2721 reichlicher
1709 2683 1777 2718 Ge-

1035 2735 1134 2768 winn
1160 2734 1290 2769 erzielt
1314 2733 1415 2768 wird.

1084 2785 1164 2816 321.
1201 2792 1282 2823 nec,
1325 2781 1414 2815 aber
1450 2779 1544 2814 doch
1581 2777 1694 2813 nicht.
1733 2797 1776 2802 —

1037 2829 1165 2862 bruma
1200 2828 1470 2870 (brevissuma),
1509 2826 1573 2860 der
1608 2824 1778 2858 kfirzeste

1037 2875 1128 2919 Tag,
1156 2875 1254 2909 daun
1279 2873 1477 2918 allgemein
1501 2869 1748 2905 Winterszeit.

1085 2925 1163 2956 322.
1201 2932 1282 2956 cum
1307 2923 1438 2961 aestas,
1473 2928 1547 2962 erg.
1574 2915 1776 2952 advenerit.
