1909 3216
748 145 1005 181 GEORGICA.
1056 146 1117 182 III.

1628 147 1706 186 111

302 260 428 311 atque
460 255 555 296 ideo
587 257 734 295 tauros
766 253 914 307 procul
947 256 1074 307 atque
1106 254 1150 294 in
1184 255 1276 295 sola
1307 254 1503 310 relegant

298 329 459 370 pascua
490 315 590 367 post
620 315 811 353 montem
844 312 1089 366 oppositum
1121 315 1163 353 et
1193 315 1312 354 trans
1345 313 1524 355 flumina
1555 313 1662 368 lata,

299 376 374 415 aut
404 374 518 414 intus
551 372 718 413 clausos
751 373 900 412 satura
932 370 985 411 ad
1016 372 1265 425 praesaepia
1299 381 1483 414 servant.

154 438 235 475 215

299 432 438 487 carpit
467 431 580 473 enim
612 430 714 472 viris
745 430 953 484 paulatim
985 430 1154 484 uritque
1185 430 1366 471 videndo

298 492 459 533 femina
489 505 566 532 nec
597 504 821 531 nemorum
853 489 1016 543 patitur
1046 489 1291 530 meminisse
1322 503 1399 530 nec
1430 490 1588 532 herbae

299 550 494 592 dulcibus
526 549 602 590 illa
633 549 803 604 quidem
834 548 1078 602 inlecebris,
1109 551 1152 589 et
1183 563 1309 602 saepe
1342 549 1549 603 superbos

299 610 496 652 cornibus
528 609 640 650 inter
672 622 715 649 se
749 608 912 662 subigit
943 607 1167 649 decernere
1201 608 1396 649 amantis.

298 669 489 724 pascitur
518 668 565 709 in
596 681 755 723 magna
787 665 875 708 Sila
905 667 1095 709 formosa
1125 667 1322 708 iuvenca:

152 734 237 771 220

297 728 361 769 1111
393 728 656 769 alternantes
687 726 824 767 multa
855 726 897 767 vi
928 727 1092 780 proelia
1122 727 1305 768 miscent

296 787 544 829 vulneribus
577 786 751 837 crebris,
784 785 891 827 lavit
922 788 1014 827 atei
1045 800 1226 840 corpora
1257 785 1450 841 sanguis,

296 860 502 901 versaque
534 846 580 887 in
611 845 789 886 obnixos
821 847 1029 900 urgentur
1060 859 1220 887 ccinua
1250 847 1373 886 vasto

297 921 393 947 cum
425 906 605 961 gemitu,
635 905 817 946 reboant
849 905 1063 959 silvaeque
1097 907 1139 946 et
1168 905 1323 958 longus
1356 892 1575 958 Olympus.

295 980 373 1007 nec
405 979 498 1006 mos
530 964 732 1006 bellantis
763 978 851 1005 una
883 964 1119 1018 stabulare
1152 963 1225 1005 sed
1257 963 1366 1004 alter

296 1025 432 1066 victus
465 1024 557 1065 abit
586 1024 797 1090 longeque
828 1023 993 1078 ignotis
1026 1023 1194 1064 exsulat
1225 1022 1311 1064 oris

296 1084 432 1125 multa
464 1097 639 1138 gemens
671 1082 955 1138 ignominiam
986 1083 1221 1137 plagasque
1255 1082 1429 1135 superbi

297 1143 489 1196 victoris,
519 1145 612 1183 tum
643 1156 750 1196 quos
785 1142 930 1183 amisit
960 1141 1120 1183 inultus
1155 1155 1341 1194 amores,

297 1204 341 1243 et
373 1200 545 1243 stabula
578 1203 804 1254 aspectans
835 1201 981 1256 regnis
1015 1201 1197 1242 excessit
1228 1200 1375 1242 avitis:

297 1274 399 1316 ergo
433 1260 550 1302 omni
582 1274 683 1301 cura
714 1260 816 1301 viris
850 1262 1017 1302 exercet
1048 1263 1090 1301 et
1120 1260 1232 1302 inter

150 1324 234 1361 230

296 1319 402 1361 (lura
432 1319 543 1361 iacet
574 1320 725 1373 pernix
755 1319 937 1360 instrato
972 1333 1074 1361 saxa
1105 1319 1235 1360 cubili

294 1378 520 1420 frondibus
551 1378 731 1419 hirsutis
764 1381 807 1420 et
839 1378 974 1420 carice
1006 1380 1157 1433 pastus
1190 1381 1333 1431 acuta,

295 1440 338 1479 et
368 1440 510 1479 tentat
541 1452 634 1479 sese
666 1440 793 1492 atque
825 1438 951 1479 irasci
982 1438 1029 1479 in
1061 1452 1219 1479 cornua
1251 1437 1379 1478 discit

295 1496 461 1538 arboris
495 1497 677 1538 obnixus
708 1500 862 1538 trunco
894 1499 1130 1552 ventosque
1161 1496 1335 1538 lacessit

293 1556 448 1598 ictibus
482 1559 525 1597 et
557 1570 708 1610 sparsa
740 1556 792 1597 ad
823 1570 1013 1612 pugnam
1045 1555 1236 1610 proludit
1265 1556 1438 1597 harena.

147 1619 230 1656 235

294 1617 362 1657 ast
394 1615 468 1656 ubi
500 1615 727 1656 collectum
758 1615 890 1657 robur
921 1615 1116 1671 viresque
1147 1614 1345 1669 refectae,

293 1675 418 1730 signa
449 1677 595 1717 movet
625 1689 914 1730 praecepsque
946 1675 1128 1716 oblitum
1159 1674 1296 1716 fertur
1327 1674 1374 1715 in
1403 1674 1593 1716 hostem:

294 1734 448 1775 fluctus
479 1734 544 1775 uti
575 1734 714 1776 medio
747 1735 888 1789 coepit
919 1749 1015 1776 cum
1048 1734 1261 1776 albescere
1292 1736 1446 1788 ponto,

293 1793 466 1847 longius
499 1808 549 1834 ex
582 1793 753 1847 altoque
786 1794 928 1834 sinum
958 1793 1112 1848 trahit,
1144 1796 1274 1847 utque
1306 1792 1479 1834 volutus

297 1851 349 1892 ad
380 1854 518 1892 terras
550 1852 738 1893 immane
772 1854 899 1893 sonat
929 1867 1005 1907 per
1038 1867 1141 1893 saxa
1171 1866 1309 1906 neque
1342 1852 1436 1906 ipso

293 1913 438 1952 monte
471 1911 611 1952 minor
641 1911 901 1965 procumbit,
933 1921 978 1953 at
1008 1912 1095 1953 ima
1127 1913 1352 1952 exaestuat
1381 1910 1496 1952 unda

292 1969 524 2011 verticibus
554 1970 808 2024 nigramque
841 1970 926 2012 alte
960 1971 1184 2012 subvectat
1214 1969 1434 2011 harenam.

352 2027 487 2070 Omne
520 2028 626 2070 adeo
659 2043 794 2084 genus
825 2029 869 2070 in
900 2030 1025 2071 terris
1057 2030 1363 2084 hominumque
1395 2029 1665 2085 ferarumque

293 2090 335 2129 et
369 2101 504 2142 genus
537 2102 813 2143 aequoreum,
845 2088 1027 2143 pecudes
1060 2089 1283 2143 pictaeque
1316 2089 1533 2144 volucres,

189 2255 268 2286 214.
294 2255 435 2295 satura,
460 2252 535 2298 vgl.
562 2265 595 2287 v.
623 2256 701 2288 205.

189 2302 268 2333 215.
294 2300 382 2342 writ,
409 2300 631 2345 Steigerung
657 2312 700 2334 zu
727 2301 855 2345 carpit.

189 2348 268 2379 217.
294 2347 361 2381 illa
391 2348 550 2392 quidem
582 2348 657 2392 vgl.
684 2347 815 2393 Georg.
842 2348 886 2392 II,

142 2395 220 2427 435.

189 2442 268 2474 219.
294 2439 394 2483 Sila,
419 2441 479 2476 ein
503 2442 634 2487 Berg'
623 2455 663 2477 in
687 2442 884 2477 Bruttium.

140 2486 224 2530 Vgl
251 2499 284 2521 v
310 2490 392 2523 204.

189 2538 267 2569 223.
300 2535 429 2580 lonqus
462 2535 635 2581 Olympus
661 2554 705 2567 =
730 2538 885 2583 longum

141 2581 294 2616 caelum.

189 2632 266 2664 225.
300 2630 443 2664 eoesulat
469 2650 511 2654 —-
539 2633 685 2667 eaecessz't
710 2653 753 2658 —
786 2644 884 2668 exer·

140 2679 200 2710 cet.
245 2676 320 2711 Der
343 2676 517 2712 Wechsel
541 2677 606 2713 des
632 2679 792 2726 Tempus
817 2681 885 2716 hat

140 2723 264 2758 seinen
289 2723 420 2759 innern
446 2723 582 2760 Grund.

188 2774 266 2807 230
279 2772 425 2816 pernioe,
438 2771 519 2807 hier
531 2772 772 2820 eigensinnig.
798 2776 882 2821 Vgl.

140 2830 173 2852 v.
201 2822 255 2854 93.

187 2869 266 2901 232.
292 2867 407 2901 irasci
436 2867 478 2901 in
503 2877 658 2909 cornua,
692 2868 763 2903 den
790 2869 883 2906 Zorn

138 2912 176 2947 in
201 2913 261 2948 die
287 2914 431 2950 Horner
456 2914 599 2959 steigen
625 2914 757 2951 lassen.

1007 2257 1086 2288 233.
1125 2257 1245 2289 ventos
1282 2254 1423 2289 lacessit
1458 2253 1608 2295 ictibus,
1646 2253 1706 2288 ein

959 2300 1043 2336 dem
1074 2301 1215 2347 Kampf
1249 2301 1314 2336 der
1348 2300 1590 2336 Gladiatoren
1628 2302 1706 2336 ent—

958 2359 1171 2384 nommenes
1196 2348 1290 2383 Bild.
1329 2348 1436 2383 Diese
1462 2348 1618 2383 macheu
1640 2359 1706 2383 vor

959 2395 1043 2430 dem
1067 2395 1227 2442 Kampfe
1251 2396 1322 2431 wie
1347 2408 1410 2430 zui·
1434 2395 1593 2440 Uebung
1619 2395 1708 2430 oder

958 2442 1076 2478 Probe
1101 2443 1218 2479 Hiebe
1243 2443 1282 2478 in
1307 2443 1367 2479 die
1393 2443 1490 2478 Luft.

1007 2506 1086 2537 237.
1106 2504 1220 2538 medio
1236 2506 1361 2548 ponto,
1380 2502 1514 2538 mitten
1534 2502 1602 2537 auf
1620 2502 1705 2537 dem

957 2549 1096 2593 Meere,
1127 2550 1220 2586 wird
1251 2550 1366 2586 durch
1403 2550 1462 2585 die
1495 2549 1704 2595 Doppelbe-

958 2597 1166 2644 zeichnung
1197 2599 1341 2643 lonyius
1375 2609 1418 2633 ex
1443 2598 1585 2642 altoque
1608 2597 1705 2632 noch

957 2645 1072 2680 naher
1096 2645 1298 2681 bestimmt.

1005 2714 1084 2746 ⁴239.
1112 2722 1182 2756 per
1217 2722 1328 2754 sama,
1365 2711 1473 2756 l’angs
1505 2710 1569 2745 der
1600 2708 1704 2744 Ufer-

956 2758 1073 2793 felsen
1097 2758 1174 2793 hin.

1004 2827 1083 2857 241.
1121 2825 1323 2860 verticibus.
1375 2824 1451 2858 Aus
1490 2823 1555 2858 der
1598 2821 1704 2856 Tiefe

956 2871 1086 2906 erhebt
1128 2870 1207 2906 sich
1251 2871 1310 2906 die
1353 2871 1624 2906 Wassermasse
1666 2868 1706 2903 in

954 2918 1051 2953 boch
1078 2918 1360 2964 aufsteigenden
1385 2917 1565 2953 Wirbeln.
