1909 3216
732 152 981 189 BUCOLICA.
1033 152 1113 187 VII.
1648 148 1705 191 33

806 259 1046 302 CORYDON.

321 335 452 377 Stant
483 335 525 374 et
555 331 742 386 iuniperi
774 332 818 372 et
849 332 1078 371 castaneae
1109 328 1320 381 hirsutae3

261 396 398 436 strata
428 393 572 433 iacent
601 390 765 445 passim
798 403 876 430 sua
907 401 1100 443 quaeque
1134 387 1213 428 sub
1248 387 1400 428 arbore
1431 401 1578 441 poma3

145 459 200 496 55
264 452 408 494 omnia
437 464 551 492 nunc
582 449 759 491 rident?
775 450 819 489 at
851 447 888 489 si
918 447 1134 488 formosus
1167 445 1316 486 Alexis

261 509 482 553 montibus
514 509 580 550 his
614 508 759 561 abeat,
790 506 936 547 videas
970 507 1013 546 et
1044 505 1224 546 flumina
1256 504 1381 545 sicea.

822 601 1033 642 Tnmsis.

262 675 371 716 Aret
403 687 523 729 ager3
555 673 661 714 vitio
696 672 882 713 moriens
915 671 1007 713 sitit
1039 670 1150 712 a'e‘ris
1181 670 1334 723 herba3

263 733 392 775 Liber
421 732 674 786 pampineas
706 731 861 773 invidit
893 731 1073 772 collibus
1105 729 1300 771 umbras:

261 791 469 846 Phyllidis
503 791 686 833 adventu
718 793 892 832 nostrae
924 804 1075 831 nemus
1110 803 1234 831 omne
1267 787 1444 840 virebit,

143 857 199 894 60
263 850 457 905 Iuppiter
488 852 531 891 et
561 850 675 891 laeto
709 849 938 892 descendet
969 849 1182 903 plurimus
1216 846 1357 889 imbri.

809 943 1049 986 CORYDON.

323 1017 516 1071 Populus
549 1016 725 1058 Alcidae
759 1015 1026 1070 gratissima,
1058 1013 1157 1054 vitis
1190 1012 1359 1062 Iacche,

262 1076 477 1117 formosae
509 1078 673 1129 myrtus
705 1074 884 1125 Veneri,
917 1088 994 1115 sua
1025 1073 1173 1114 laurea
1204 1071 1399 1112 Phoebo:

261 1135 427 1189 Phyllis
461 1138 579 1175 amat
611 1134 798 1188 eorylos3
831 1133 928 1173 illas
961 1132 1063 1173 dum
1094 1130 1260 1185 Phyllis
1293 1130 1476 1182 amabit,

262 1208 339 1235 nec
372 1197 539 1248 myrtus
571 1194 711 1235 vincet
744 1192 915 1246 corylos
947 1205 1024 1233 nec
1056 1191 1203 1232 laurea
1234 1189 1411 1230 Phoebi.

823 1286 1035 1327 THrRsls.

150 1363 203 1400 65
267 1357 478 1399 Fraxinus
510 1358 556 1398 in
588 1357 707 1398 silvis
740 1357 1047 1411 pulcherrima,
1079 1355 1206 1409 pinus
1238 1355 1282 1396 in
1314 1354 1471 1407 hortis,

264 1416 450 1471 populus
481 1416 528 1456 in
557 1416 716 1470 fluviis,
750 1416 868 1457 abies
900 1416 946 1456 in
978 1414 1197 1456 montibus
1231 1414 1348 1455 altis:

268 1475 438 1530 saepius
473 1478 517 1516 at
550 1475 587 1516 si
618 1489 686 1516 me
697 1508 708 1529 ,
739 1474 900 1529 Lycida
932 1474 1137 1528 formose,
1168 1473 1349 1527 revisas,

269 1534 464 1576 fraxinus
498 1534 543 1575 111
576 1534 694 1575 silvis
727 1533 850 1575 cedat
881 1533 980 1588 tibi,
1010 1533 1138 1587 pinus
1171 1533 1215 1573 in
1245 1532 1397 1573 hortis.

787 1627 1072 1670 MELIBOEL'S.

261 1699 380 1742 Haec
413 1700 589 1742 memini
621 1703 664 1741 et
694 1700 856 1741 victum
886 1698 1049 1740 frustra
1082 1697 1339 1739 contendere
1372 1696 1592 1751 Thyrsim.

149 1764 203 1801 ''c'O
266 1773 315 1800 ex
346 1759 422 1800 illo
457 1758 661 1813 Corydon
693 1758 899 1813 Corydon
931 1761 997 1799 est
1028 1760 1224 1812 tempore
1256 1756 1396 1798 nobis.

197 1926 251 1957 53.
278 1925 396 1964 stant,
416 1921 469 1956 sie
490 1923 633 1956 starren
651 1932 725 1956 von
745 1921 895 1956 Beeren.

151 1970 227 2004 Der
289 1968 512 2014 allgemeine
562 1968 787 2003 Reichthum
850 1979 898 2002 311

147 2016 335 2051 Frsichten
369 2015 474 2061 giebt
505 2016 570 2050 der
603 2026 744 2060 ganzen
777 2015 898 2049 Natur

150 2064 215 2098 das
259 2063 490 2098 freundliche
529 2063 722 2097 Aussehen
757 2063 898 2105 (onmia

146 2111 293 2154 rident).

201 2162 256 2194 60.
284 2158 473 2202 Iuppiter,
511 2157 565 2192 als
593 2157 714 2192 Gebei·
743 2157 807 2191 des
828 2157 897 2191 Re-

155 2214 246 2250 gens
270 2204 452 2250 (Iuppiter
485 2204 664 2249 Pluvius).
710 2204 794 2249 Vgl.
821 2203 898 2238 Ecl.

153 2252 216 2296 IV,
243 2256 298 2288 32.
327 2273 370 2276 —
399 2253 507 2294 laeto,
534 2251 725 2287 activisch.

200 2304 256 2336 61.
285 2300 462 2342 Iacchus,
487 2299 561 2344 vgl.
590 2299 665 2335 Ecl.
694 2299 762 2343 VI,
791 2303 845 2333 15.

200 2350 255 2382 65.
277 2347 395 2391 pinus
425 2347 467 2381 in
503 2347 634 2389 hortis,
672 2346 731 2381 die
771 2346 900 2380 zahme

154 2393 393 2438 Gartenpinie
402 2421 412 2435 ,
440 2393 685 2430 Zirbelbaum.

201 2444 256 2476 66.
284 2441 324 2474 in
348 2441 489 2483 fluviis,
521 2441 586 2475 der
612 2440 900 2486 Gleichmiissig—

230 2976 396 3008 Kappes,
418 2976 536 3007 Vergsss
557 2976 660 3002 Bucol.
684 2977 744 3001 und
765 2976 871 3006 Georg.

970 1921 1049 1955 keit
1083 1920 1147 1954 des
1180 1918 1415 1953 Ausdruckes
1440 1928 1580 1962 wegen,
1608 1933 1652 1946 =
1677 1917 1719 1950 in

970 1969 1064 2011 ripis
1089 1968 1295 2011 fluviorum.

1019 2019 1074 2049 69.
1100 2015 1186 2049 haec
1222 2013 1368 2048 memini
1403 2015 1445 2047 et.
1506 2012 1565 2046 An
1603 2010 1722 2045 dieses

971 2061 1062 2096 Lied
1089 2061 1255 2096 erinnere
1281 2060 1343 2095 ich
1369 2059 1469 2094 mich
1489 2061 1566 2093 und
1592 2058 1720 2101 daran,

972 2109 1056 2144 dass
1077 2107 1230 2153 Thyrsis
1255 2107 1334 2143 sich
1360 2107 1465 2141 nicht
1490 2106 1550 2141 fiir
1574 2105 1721 2151 besiegt

971 2156 1098 2201 gelten
1140 2156 1266 2190 lassen
1314 2154 1451 2189 wollte.
1493 2174 1536 2178 ——
1574 2153 1720 2196 frustra

971 2203 1190 2238 contendere.
1247 2201 1400 2247 Thyrsis
1452 2201 1597 2245 strengt
1642 2199 1721 2235 sich

971 2251 1176 2296 vergebens
1197 2249 1367 2295 dagegen
1381 2259 1428 2283 an
1440 2277 1448 2290 ‚
1474 2248 1624 2283 ereifert
1643 2246 1722 2282 sich

973 2298 1151 2343 dagegen.
1202 2297 1285 2332 Von
1317 2296 1366 2331 da
1398 2296 1444 2331 ab
1470 2295 1575 2341 giebt
1601 2306 1638 2329 es
1662 2294 1722 2328 fiir

973 2345 1071 2381 mich
1090 2357 1159 2379 nur
1179 2345 1287 2379 einen
1307 2343 1494 2389 Corydon,
1520 2355 1589 2377 nur
1610 2341 1722 2386 Cory-

973 2393 1046 2427 don
1072 2392 1191 2427 kenne
1217 2392 1278 2426 ich
1309 2391 1364 2425 als
1391 2401 1543 2436 grossen
1569 2389 1722 2434 sanger,
