1909 3216
216 147 270 188 78
815 147 1070 184 GEORGICA.
1119 148 1163 183 ΙΙ.

331 270 408 298 nec
439 270 526 298 non
559 259 603 297 et
633 256 790 298 sterilis
823 271 929 312 quae
961 257 1164 312 stirpibus
1197 257 1284 298 exit
1315 257 1367 299 ab
1399 257 1496 299 imis

331 315 411 356 hoc
442 315 590 369 faciat,
622 330 777 358 vacuos
811 316 846 357 si
880 316 937 357 sit
968 316 1135 371 digesta
1165 331 1241 370 per
1272 330 1422 371 agros:

215 379 268 414 55
331 388 442 416 nunc
474 374 585 416 altae
617 375 787 416 frondes
820 377 862 416 et
891 375 999 416 rami
1031 375 1180 416 matris
1213 378 1395 430 opacant

333 433 620 489 crescentique
653 434 849 475 adimunt
877 433 989 475 fetus
1020 436 1233 488 uruntque
1263 433 1481 475 ferentem.

331 492 417 533 iam
450 506 557 547 quae
590 493 824 534 seminibus
857 493 978 534 iactis
996 507 1055 534 >se
1088 493 1263 534 sustulit
1293 493 1440 546 arbos,

331 551 454 592 tarda
483 552 603 593 venit
635 551 740 593 seris
771 552 938 593 factura
968 552 1197 606 nepotibus
1229 552 1440 606 umbram,

331 624 542 665 pomaque
574 610 835 665 degenerant
866 625 990 653 sucos
1022 611 1159 652 oblita
1190 611 1370 665 priores,

215 672 269 709 60
332 672 375 710 et
405 670 544 723 turpis
577 669 725 710 avibus
757 669 959 723 praedam
990 669 1076 710 fert
1107 684 1187 711 uva
1218 684 1422 712 racemos.

391 727 563 769 Scilicet
595 728 792 769 omnibus
825 730 890 769 est
920 728 1043 769 labor
1073 728 1397 782 impendendus,
1429 731 1472 769 et
1504 743 1653 771 omnes

331 787 545 841 cogendae
577 787 621 827 in
656 787 819 827 sulcum
851 800 899 827 ac
930 787 1066 828 multa
1097 787 1288 829 mercede
1321 787 1569 830 domandae.

332 846 404 886 sed
435 845 597 887 truncis
631 845 748 886 oleae
781 845 949 898 melius,
981 846 1218 901 propagine
1250 846 1360 888 vites

330 904 607 958 respondent,
640 903 776 945 solido
809 903 997 957 Paphiae
1030 904 1080 945 de
1112 905 1265 947 robore
1298 907 1480 959 myrtus3

214 967 265 1003 65
330 963 488 1017 plantis
522 966 564 1004 et
595 963 725 1004 durae
758 963 893 1017 coryli
923 966 1155 1004 nascuntur
1186 966 1228 1004 et
1257 964 1410 1019 ingens

329 1022 520 1063 fraxinus
552 1021 870 1075 Herculeaeque
903 1021 1028 1063 arbos
1061 1022 1264 1063 umbrosa
1294 1037 1475 1064 coronae

331 1080 595 1135 Chaoniique
627 1081 764 1135 patris
796 1080 992 1135 glandes,
1025 1081 1154 1122 etiam
1187 1080 1318 1122 ardua
1349 1082 1493 1135 palma

330 1140 520 1181 nascitur
552 1142 594 1181 et
625 1154 747 1181 casus
780 1140 897 1181 abies
929 1140 1074 1181 visura
1105 1140 1306 1181 marinos.

330 1199 533 1240 inseritur
563 1213 664 1241 vero
697 1201 740 1240 et
770 1199 890 1240 nucis
923 1199 1101 1240 arbutus
1131 1198 1307 1240 horrida
1339 1198 1445 1252 fetu,

214 1260 268 1297 70
331 1260 374 1298 et
406 1258 572 1299 steriles
604 1258 770 1312 platani
801 1258 937 1299 malos
970 1271 1138 1312 gessere
1169 1257 1370 1312 valentis,

331 1320 554 1358 castaneae
585 1317 712 1371 fagus
745 1331 958 1371 ornusque
990 1317 1180 1358 incanuit
1211 1317 1308 1358 albo

328 1375 431 1418 flore
463 1376 566 1430 piri,
597 1375 880 1431 glandemque
913 1390 1007 1417 sues
1039 1376 1203 1431 fregere
1236 1375 1313 1417 sub
1345 1375 1486 1417 ulmis.

325 1449 404 1476 nec
435 1435 586 1476 modus
619 1435 803 1476 inserere
836 1437 961 1488 atque
994 1435 1139 1476 oculos
1171 1435 1389 1488 imponere
1423 1434 1616 1488 simplex.

326 1508 429 1534 nam
461 1508 544 1548 qua
576 1508 619 1534 se
651 1493 790 1535 medio
823 1494 1000 1535 trudunt
1031 1493 1081 1534 de
1114 1494 1268 1534 cortice
1300 1507 1492 1548 gemmae

212 1556 263 1592 75
330 1556 372 1593 et
402 1553 541 1593 tenuis
573 1555 777 1606 rumpunt
807 1553 991 1606 tunicas,
1024 1554 1232 1607 angustus
1265 1552 1309 1593 in
1339 1552 1431 1606 ipso

256 1684 311 1713 53.
325 1680 469 1721 sterilis,
489 1691 594 1715 wenn
608 1691 694 1714 man
715 1680 786 1715 den
801 1679 948 1714 Schoss-

207 1726 287 1771 ling
307 1726 408 1769 lassa
435 1738 492 1762 wo
513 1738 551 1762 er
577 1727 805 1770 aufschiesst,
831 1726 950 1761 bleibt

210 1785 247 1808 er
291 1774 350 1808 ein
393 1774 675 1809 unfruchtbarer
712 1774 948 1809 Wildschoss.

207 1822 282 1855 Aus
309 1821 393 1856 (lem
421 1822 742 1866 Zusammenhang
769 1821 819 1856 ist
844 1821 950 1855 arbos

207 1871 252 1910 (v.
282 1871 338 1910 57)
365 1881 409 1903 zu
435 1872 626 1913 erganzen.

254 1920 308 1950 56.
330 1916 436 1958 fetus,
456 1916 683 1960 proleptisch
704 1915 762 1950 die
776 1915 947 1958 Friichte⁷

207 1962 266 1997 die
292 1974 331 1997 er
357 1966 459 1997 sonst
482 1966 613 2008 tragen
639 1963 780 2005 wiirde3
813 1963 946 1997 ebenso

207 2009 272 2044 das
316 2009 558 2055 Participium
601 2011 741 2052 ferenti.
775 2030 818 2035 -—
845 2021 947 2044 urere

207 2057 446 2101 ausbrennen,
472 2057 531 2092 die
559 2057 661 2092 S‘afte
687 2057 891 2092 entziehen.

254 2108 308 2138 59.
348 2105 582 2149 deymwrant,
619 2104 799 2139 namlich:
839 2114 946 2138 wenn

205 2162 292 2185 man
313 2150 426 2186 ihnen
452 2152 559 2186 keine
578 2151 701 2195 Pflege
727 2151 945 2185 zukommen

203 2197 306 2232 lasst.

254 2249 308 2279 60.
336 2256 420 2283 ura,
445 2245 722 2289 metonymisch.
745 2265 788 2269 —
815 2245 944 2289 turpis.

206 2291 280 2326 Der
293 2291 426 2326 Kamm
437 2292 504 2326 hat
513 2292 621 2326 keine
634 2292 786 2326 rechten
796 2291 945 2335 Beeren,

205 2338 257 2373 im
298 2338 505 2383 Gegensatz
546 2351 608 2373 zur
650 2339 793 2381 vollen,
832 2339 944 2373 sehon

206 2386 456 2422 aussehenden
484 2386 637 2420 Traube.

254 2437 308 2467 61.
347 2433 496 2475 scilicet,
541 2444 646 2467 wenn
684 2432 737 2467 sie
780 2432 946 2468 veredelt

205 2480 351 2514 werden
378 2479 466 2515 oder
490 2480 594 2514 nicht
624 2480 842 2514 verwildern
874 2480 944 2514 sol-

205 2527 281 2570 len‚
319 2538 419 2561 muss
463 2538 548 2561 man
587 2528 653 2561 etc.
692 2548 734 2552 —
770 2527 945 2569 omnibus,

206 2573 301 2609 ohne
339 2574 599 2617 Untermhied,
644 2573 691 2608 ob
732 2574 820 2608 wild
858 2574 946 2608 oder

205 2621 323 2655 zahm.

253 2672 308 2702 62.
329 2668 504 2712 coqenclae
522 2669 564 2702 in
581 2669 730 2709 sulcum,
749 2668 823 2712 vgl.
840 2680 874 2703 v.
889 2672 944 2711 24,

206 2719 260 2749 54.
289 2735 331 2739 -
358 2716 521 2757 mercede,
547 2714 825 2758 metonymisch.

254 2766 308 2797 63.
335 2763 492 2804 truncis,
525 2761 594 2796 wie
619 2774 652 2795 v.
679 2766 733 2796 30.
786 2762 943 2796 caudici-

205 2809 271 2843 bus
295 2810 406 2844 sectis.
434 2829 477 2834 —
495 2810 710 2853 propayine,
736 2809 808 2852 vgl.
835 2821 868 2843 v.
889 2813 944 2844 26.

255 2860 308 2890 64.
335 2857 564 2901 respondent,
597 2857 692 2890 ohne
720 2855 852 2900 object
876 2856 944 2890 wie

204 2914 313 2938 unser
344 2903 649 2948 „entsprechen“,
680 2903 842 2937 namlich
874 2903 944 2937 den

1022 1679 1306 1724 Erwartungen,
1344 1678 1458 1714 fallen
1495 1680 1564 1723 gut
1606 1689 1682 1714 aus.
1716 1701 1762 1706 —

1020 1727 1135 1761 solido
1160 1727 1202 1761 de
1226 1727 1366 1768 robore,
1393 1727 1465 1771 vgl.
1497 1739 1530 1762 v.
1557 1730 1613 1770 24,
1640 1730 1695 1763 25.
1717 1749 1760 1754 —

1024 1773 1199 1817 Paphiae.
1242 1773 1315 1808 Der
1340 1774 1600 1818 Myrtenbaum
1624 1772 1673 1809 ist
1697 1774 1763 1809 der

1021 1820 1145 1855 Venus
1183 1820 1360 1865 geweiht,
1399 1820 1459 1855 die
1492 1821 1689 1856 besonders
1722 1821 1762 1856 in

1021 1867 1170 1912 Paphus
1195 1867 1261 1902 auf
1284 1867 1428 1912 Cypern
1453 1868 1601 1903 verehrt
1625 1869 1760 1904 wurde.

1069 1919 1124 1950 65.
1147 1915 1299 1959 plantis,
1326 1925 1391 1949 aus
1410 1914 1640 1960 gepflanzten
1661 1915 1762 1951 Setz-

1019 1961 1155 2007 lingen.
1204 1961 1287 2007 Vgl.
1314 1974 1346 1997 v.
1375 1966 1429 1996 23.

1067 2013 1121 2044 66.
1148 2009 1347 2043 Herculeae
1379 2019 1548 2051 coronae,
1581 2009 1656 2054 vgl.
1682 2009 1760 2046 Ecl.

1017 2056 1097 2099 VII,
1119 2061 1173 2091 61.
1209 2056 1385 2090 Hercules
1404 2056 1556 2091 brachte
1581 2056 1763 2091 bekr'anzt

1018 2103 1089 2138 mit
1119 2104 1237 2138 einem
1263 2103 1383 2137 Kranz
1416 2113 1488 2137 von
1519 2102 1759 2148 Pappelbl'at—

1016 2152 1098 2185 tern
1129 2151 1188 2185 die
1222 2149 1479 2194 Silberpappel
1508 2160 1572 2184 aus
1598 2150 1662 2184 der
1688 2149 1758 2184 Un-

1015 2198 1172 2233 terwelt.

1065 2248 1120 2279 67.
1155 2243 1376 2288 Chaoniique
1400 2244 1542 2287 patris,
1574 2243 1649 2289 vgl.
1680 2244 1758 2279 Ecl.

1016 2292 1077 2335 IX,
1107 2294 1159 2325 13.

1066 2340 1120 2373 68.
1147 2338 1322 2379 nascitur,
1348 2337 1512 2372 namlich
1533 2338 1685 2381 plantis.
1712 2358 1757 2363 —

1018 2395 1122 2419 casus
1146 2385 1324 2426 marinos,
1355 2384 1428 2428 vgl.
1455 2385 1546 2419 Aen.
1572 2384 1651 2430 VII,
1677 2388 1756 2420 200.

1072 2436 1125 2467 69.
1170 2432 1336 2473 horrida,
1379 2442 1452 2466 von
1500 2431 1564 2467 der
1606 2431 1759 2476 rauhen,

1017 2479 1233 2523 struppigen
1259 2479 1390 2513 Rinde.

1067 2530 1120 2561 70.
1147 2526 1293 2568 steriles,
1312 2526 1386 2570 vgl.
1406 2538 1439 2560 v.
1462 2529 1516 2560 53.
1544 2545 1588 2551 —
1612 2536 1758 2570 gessere,

1017 2573 1221 2608 aoristisch.

1065 2624 1119 2656 71.
1153 2623 1355 2663 castaneae,
1386 2619 1550 2654 namlich
1579 2620 1666 2663 flore
1698 2620 1756 2654 in·

1017 2668 1143 2702 canuit
1166 2668 1284 2711 saque.

1066 2718 1119 2749 74.
1145 2725 1310 2759 gemmae,
1329 2713 1389 2748 die
1409 2712 1551 2758 jungen
1570 2713 1754 2758 Knospen,

1016 2761 1073 2795 Au
1103 2773 1158 2796 en.

1066 2773 1120 2843 ΤΞ).
1151 2809 1294 2850 tunica,
1332 2807 1396 2843 der
1427 2807 1518 2842 Bast
1552 2807 1660 2841 unter
1689 2805 1756 2841 der

1017 2855 1144 2890 Rinde.
1173 2876 1213 2880 -—
1240 2856 1282 2889 in
1306 2855 1385 2898 ipso
1403 2854 1509 2896 nodo,
1534 2853 1669 2897 gerade
1693 2853 1752 2898 da,

1016 2912 1073 2936 wo
1099 2902 1163 2937 der
1193 2902 1299 2936 Keim
1326 2901 1502 2944 schwillt,
1533 2899 1651 2935 bildet
1674 2899 1753 2936 sich
