<?xml version="1.0" encoding="UTF-8"?>
<!DOCTYPE html PUBLIC "-//W3C//DTD XHTML 1.0 Transitional//EN"
    "http://www.w3.org/TR/xhtml1/DTD/xhtml1-transitional.dtd">
<html xmlns="http://www.w3.org/1999/xhtml" xml:lang="en" lang="en">
 <head>
  <title>
</title>
<meta http-equiv="Content-Type" content="text/html;charset=utf-8" />
  <meta name='ocr-system' content='tesseract 3.04.00' />
  <meta name='ocr-capabilities' content='ocr_page ocr_carea ocr_par ocr_line ocrx_word'/>
</head>
<body>
  <div class='ocr_page' id='page_1' title='image "./bucolicaundgeorg00virguoft/bucolicaundgeorg00virguoft_0075.png"; bbox 0 0 1909 3216; ppageno 0'>
   <div class='ocr_carea' id='block_1_1' title="bbox 809 167 1752 214">
    <p class='ocr_par' dir='ltr' id='par_1_1' title="bbox 809 167 1752 214">
     <span class='ocr_line' id='line_1_1' title="bbox 809 167 1752 214; baseline 0.007 -12"><span class='ocrx_word' id='word_1_1' title='bbox 809 167 1062 206; x_wconf 79' lang='lat' dir='ltr'>GEORGICA.</span> <span class='ocrx_word' id='word_1_2' title='bbox 1114 171 1140 205; x_wconf 93' lang='grc' dir='ltr'>Ι.</span> <span class='ocrx_word' id='word_1_3' title='bbox 1696 173 1752 214; x_wconf 81' lang='grc'>67</span> 
     </span>
    </p>
   </div>
   <div class='ocr_carea' id='block_1_2' title="bbox 346 277 1546 451">
    <p class='ocr_par' dir='ltr' id='par_1_2' title="bbox 346 277 1546 451">
     <span class='ocr_line' id='line_1_2' title="bbox 348 277 1523 336; baseline 0.002 -15"><span class='ocrx_word' id='word_1_4' title='bbox 348 280 574 333; x_wconf 87' lang='lat' dir='ltr'>aestusque</span> <span class='ocrx_word' id='word_1_5' title='bbox 606 277 857 332; x_wconf 89' lang='lat' dir='ltr'>pluviasque</span> <span class='ocrx_word' id='word_1_6' title='bbox 889 281 933 320; x_wconf 93' lang='lat' dir='ltr'>et</span> <span class='ocrx_word' id='word_1_7' title='bbox 963 279 1130 333; x_wconf 84' lang='lat' dir='ltr'>agentis</span> <span class='ocrx_word' id='word_1_8' title='bbox 1165 279 1324 334; x_wconf 85' lang='lat' dir='ltr'>frigora</span> <span class='ocrx_word' id='word_1_9' title='bbox 1357 284 1523 336; x_wconf 85' lang='lat' dir='ltr'>ventos,</span> 
     </span>
     <span class='ocr_line' id='line_1_3' title="bbox 346 336 1546 393; baseline 0.002 -14"><span class='ocrx_word' id='word_1_10' title='bbox 346 339 438 392; x_wconf 89' lang='lat' dir='ltr'>ipse</span> <span class='ocrx_word' id='word_1_11' title='bbox 468 339 592 391; x_wconf 86' lang='lat' dir='ltr'>pater</span> <span class='ocrx_word' id='word_1_12' title='bbox 623 336 787 391; x_wconf 86' lang='lat' dir='ltr'>statuit,</span> <span class='ocrx_word' id='word_1_13' title='bbox 819 337 920 391; x_wconf 90' lang='lat' dir='ltr'>quid</span> <span class='ocrx_word' id='word_1_14' title='bbox 950 339 1170 379; x_wconf 86' lang='lat' dir='ltr'>menstrua</span> <span class='ocrx_word' id='word_1_15' title='bbox 1201 338 1305 379; x_wconf 89' lang='lat' dir='ltr'>luna</span> <span class='ocrx_word' id='word_1_16' title='bbox 1335 343 1546 393; x_wconf 80' lang='lat' dir='ltr'>moneret,</span> 
     </span>
     <span class='ocr_line' id='line_1_4' title="bbox 347 396 1521 451; baseline 0.003 -13"><span class='ocrx_word' id='word_1_17' title='bbox 347 411 430 451; x_wconf 93' lang='lat' dir='ltr'>quo</span> <span class='ocrx_word' id='word_1_18' title='bbox 464 396 588 450; x_wconf 87' lang='lat' dir='ltr'>signo</span> <span class='ocrx_word' id='word_1_19' title='bbox 621 396 821 438; x_wconf 76' lang='lat' dir='ltr'>caderent</span> <span class='ocrx_word' id='word_1_20' title='bbox 852 397 1006 450; x_wconf 81' lang='lat' dir='ltr'>austri,</span> <span class='ocrx_word' id='word_1_21' title='bbox 1038 396 1137 450; x_wconf 90' lang='lat' dir='ltr'>quid</span> <span class='ocrx_word' id='word_1_22' title='bbox 1170 411 1296 450; x_wconf 83' lang='lat' dir='ltr'>saepe</span> <span class='ocrx_word' id='word_1_23' title='bbox 1330 398 1521 441; x_wconf 87' lang='lat' dir='ltr'>videntes</span> 
     </span>
    </p>
   </div>
   <div class='ocr_carea' id='block_1_3' title="bbox 199 461 281 498">
    <p class='ocr_par' dir='ltr' id='par_1_3' title="bbox 199 461 281 498">
     <span class='ocr_line' id='line_1_5' title="bbox 199 461 281 498; baseline -0.012 0"><span class='ocrx_word' id='word_1_24' title='bbox 199 461 281 498; x_wconf 89' lang='lat'>355</span> 
     </span>
    </p>
   </div>
   <div class='ocr_carea' id='block_1_4' title="bbox 346 454 1445 510">
    <p class='ocr_par' dir='ltr' id='par_1_4' title="bbox 346 454 1445 510">
     <span class='ocr_line' id='line_1_6' title="bbox 346 454 1445 510; baseline 0.002 -14"><span class='ocrx_word' id='word_1_25' title='bbox 346 454 559 510; x_wconf 83' lang='lat' dir='ltr'>agricolae</span> <span class='ocrx_word' id='word_1_26' title='bbox 589 456 768 509; x_wconf 90' lang='lat' dir='ltr'>propius</span> <span class='ocrx_word' id='word_1_27' title='bbox 801 455 981 497; x_wconf 86' lang='lat' dir='ltr'>stabulis</span> <span class='ocrx_word' id='word_1_28' title='bbox 1013 457 1207 496; x_wconf 89' lang='lat' dir='ltr'>armenta</span> <span class='ocrx_word' id='word_1_29' title='bbox 1237 458 1445 498; x_wconf 86' lang='lat' dir='ltr'>tenerent.</span> 
     </span>
    </p>
   </div>
   <div class='ocr_carea' id='block_1_5' title="bbox 341 514 1575 737">
    <p class='ocr_par' dir='ltr' id='par_1_5' title="bbox 341 514 1575 737">
     <span class='ocr_line' id='line_1_7' title="bbox 345 514 1431 570; baseline 0 -14"><span class='ocrx_word' id='word_1_30' title='bbox 345 514 548 556; x_wconf 86' lang='lat' dir='ltr'>continuo</span> <span class='ocrx_word' id='word_1_31' title='bbox 581 515 721 556; x_wconf 88' lang='lat' dir='ltr'>ventis</span> <span class='ocrx_word' id='word_1_32' title='bbox 754 514 1026 570; x_wconf 74' lang='lat' dir='ltr'>surgentibus</span> <span class='ocrx_word' id='word_1_33' title='bbox 1060 516 1134 555; x_wconf 87' lang='lat' dir='ltr'>aut</span> <span class='ocrx_word' id='word_1_34' title='bbox 1164 515 1276 556; x_wconf 84' lang='lat' dir='ltr'>freta</span> <span class='ocrx_word' id='word_1_35' title='bbox 1306 516 1431 570; x_wconf 90' lang='lat' dir='ltr'>ponti</span> 
     </span>
     <span class='ocr_line' id='line_1_8' title="bbox 343 573 1404 628; baseline 0.002 -14"><span class='ocrx_word' id='word_1_36' title='bbox 343 573 557 626; x_wconf 88' lang='lat' dir='ltr'>incipiunt</span> <span class='ocrx_word' id='word_1_37' title='bbox 588 574 754 628; x_wconf 85' lang='lat' dir='ltr'>agitata</span> <span class='ocrx_word' id='word_1_38' title='bbox 785 576 1021 615; x_wconf 73' lang='lat' dir='ltr'>tumescere</span> <span class='ocrx_word' id='word_1_39' title='bbox 1053 576 1097 614; x_wconf 89' lang='lat' dir='ltr'>et</span> <span class='ocrx_word' id='word_1_40' title='bbox 1129 574 1271 616; x_wconf 89' lang='lat' dir='ltr'>aridus</span> <span class='ocrx_word' id='word_1_41' title='bbox 1304 575 1404 616; x_wconf 90' lang='lat' dir='ltr'>altis</span> 
     </span>
     <span class='ocr_line' id='line_1_9' title="bbox 342 632 1474 690; baseline 0.003 -17"><span class='ocrx_word' id='word_1_42' title='bbox 342 632 563 674; x_wconf 88' lang='lat' dir='ltr'>montibus</span> <span class='ocrx_word' id='word_1_43' title='bbox 596 633 732 674; x_wconf 89' lang='lat' dir='ltr'>audiri</span> <span class='ocrx_word' id='word_1_44' title='bbox 763 632 927 688; x_wconf 78' lang='lat' dir='ltr'>fragor,</span> <span class='ocrx_word' id='word_1_45' title='bbox 961 635 1035 673; x_wconf 90' lang='lat' dir='ltr'>aut</span> <span class='ocrx_word' id='word_1_46' title='bbox 1065 634 1314 675; x_wconf 70' lang='lat' dir='ltr'>resonantia</span> <span class='ocrx_word' id='word_1_47' title='bbox 1345 634 1474 690; x_wconf 87' lang='lat' dir='ltr'>longe</span> 
     </span>
     <span class='ocr_line' id='line_1_10' title="bbox 341 690 1575 737; baseline 0.003 -5"><span class='ocrx_word' id='word_1_48' title='bbox 341 690 472 733; x_wconf 86' lang='lat' dir='ltr'>litora</span> <span class='ocrx_word' id='word_1_49' title='bbox 502 692 673 733; x_wconf 87' lang='lat' dir='ltr'>misceri</span> <span class='ocrx_word' id='word_1_50' title='bbox 705 695 747 733; x_wconf 87' lang='lat' dir='ltr'>et</span> <span class='ocrx_word' id='word_1_51' title='bbox 778 706 1000 733; x_wconf 91' lang='lat' dir='ltr'>nemorum</span> <span class='ocrx_word' id='word_1_52' title='bbox 1032 693 1341 734; x_wconf 87' lang='lat' dir='ltr'>increbrescere</span> <span class='ocrx_word' id='word_1_53' title='bbox 1372 709 1575 737; x_wconf 90' lang='lat' dir='ltr'>murmur.</span> 
     </span>
    </p>
   </div>
   <div class='ocr_carea' id='block_1_6' title="bbox 196 755 280 792">
    <p class='ocr_par' dir='ltr' id='par_1_6' title="bbox 196 755 280 792">
     <span class='ocr_line' id='line_1_11' title="bbox 196 755 280 792; baseline 0 0"><span class='ocrx_word' id='word_1_54' title='bbox 196 755 280 792; x_wconf 85' lang='lat'>360</span> 
     </span>
    </p>
   </div>
   <div class='ocr_carea' id='block_1_7' title="bbox 341 749 1635 810">
    <p class='ocr_par' dir='ltr' id='par_1_7' title="bbox 341 749 1635 810">
     <span class='ocr_line' id='line_1_12' title="bbox 341 749 1635 810; baseline 0.004 -19"><span class='ocrx_word' id='word_1_55' title='bbox 341 749 426 791; x_wconf 85' lang='lat' dir='ltr'>iam</span> <span class='ocrx_word' id='word_1_56' title='bbox 460 750 542 792; x_wconf 89' lang='lat' dir='ltr'>sibi</span> <span class='ocrx_word' id='word_1_57' title='bbox 573 753 666 792; x_wconf 85' lang='lat' dir='ltr'>tum</span> <span class='ocrx_word' id='word_1_58' title='bbox 698 766 723 792; x_wconf 90' lang='lat' dir='ltr'>a</span> <span class='ocrx_word' id='word_1_59' title='bbox 754 751 894 792; x_wconf 91' lang='lat' dir='ltr'>curvis</span> <span class='ocrx_word' id='word_1_60' title='bbox 926 751 1036 792; x_wconf 90' lang='lat' dir='ltr'>male</span> <span class='ocrx_word' id='word_1_61' title='bbox 1068 754 1281 806; x_wconf 85' lang='lat' dir='ltr'>temperat</span> <span class='ocrx_word' id='word_1_62' title='bbox 1311 753 1426 794; x_wconf 87' lang='lat' dir='ltr'>unda</span> <span class='ocrx_word' id='word_1_63' title='bbox 1457 754 1635 810; x_wconf 75' lang='lat' dir='ltr'>earinis,</span> 
     </span>
    </p>
   </div>
   <div class='ocr_carea' id='block_1_8' title="bbox 339 810 1520 1043">
    <p class='ocr_par' dir='ltr' id='par_1_8' title="bbox 340 810 1520 985">
     <span class='ocr_line' id='line_1_13' title="bbox 342 810 1497 868; baseline 0.003 -17"><span class='ocrx_word' id='word_1_64' title='bbox 342 823 437 851; x_wconf 90' lang='lat' dir='ltr'>cum</span> <span class='ocrx_word' id='word_1_65' title='bbox 469 811 610 852; x_wconf 90' lang='lat' dir='ltr'>medio</span> <span class='ocrx_word' id='word_1_66' title='bbox 643 810 802 853; x_wconf 86' lang='lat' dir='ltr'>celeres</span> <span class='ocrx_word' id='word_1_67' title='bbox 834 810 1031 853; x_wconf 84' lang='lat' dir='ltr'>revolant</span> <span class='ocrx_word' id='word_1_68' title='bbox 1063 825 1112 852; x_wconf 84' lang='lat' dir='ltr'>ex</span> <span class='ocrx_word' id='word_1_69' title='bbox 1145 826 1328 867; x_wconf 89' lang='lat' dir='ltr'>aequore</span> <span class='ocrx_word' id='word_1_70' title='bbox 1359 813 1497 868; x_wconf 83' lang='lat' dir='ltr'>mergi</span> 
     </span>
     <span class='ocr_line' id='line_1_14' title="bbox 341 868 1520 926; baseline 0.003 -16"><span class='ocrx_word' id='word_1_71' title='bbox 341 868 653 924; x_wconf 86' lang='lat' dir='ltr'>clamoremque</span> <span class='ocrx_word' id='word_1_72' title='bbox 683 870 828 912; x_wconf 90' lang='lat' dir='ltr'>ferunt</span> <span class='ocrx_word' id='word_1_73' title='bbox 859 870 911 911; x_wconf 87' lang='lat' dir='ltr'>ad</span> <span class='ocrx_word' id='word_1_74' title='bbox 942 870 1087 924; x_wconf 84' lang='lat' dir='ltr'>litora,</span> <span class='ocrx_word' id='word_1_75' title='bbox 1120 884 1300 926; x_wconf 88' lang='lat' dir='ltr'>cumque</span> <span class='ocrx_word' id='word_1_76' title='bbox 1331 872 1520 914; x_wconf 84' lang='lat' dir='ltr'>marinae</span> 
     </span>
     <span class='ocr_line' id='line_1_15' title="bbox 340 928 1361 985; baseline 0.002 -15"><span class='ocrx_word' id='word_1_77' title='bbox 340 928 385 969; x_wconf 85' lang='lat' dir='ltr'>in</span> <span class='ocrx_word' id='word_1_78' title='bbox 417 929 528 971; x_wconf 88' lang='lat' dir='ltr'>sicco</span> <span class='ocrx_word' id='word_1_79' title='bbox 560 929 715 970; x_wconf 88' lang='lat' dir='ltr'>ludunt</span> <span class='ocrx_word' id='word_1_80' title='bbox 745 929 917 981; x_wconf 85' lang='lat' dir='ltr'>fulicae,</span> <span class='ocrx_word' id='word_1_81' title='bbox 949 932 1160 984; x_wconf 87' lang='lat' dir='ltr'>notasque</span> <span class='ocrx_word' id='word_1_82' title='bbox 1192 930 1361 985; x_wconf 87' lang='lat' dir='ltr'>paludis</span> 
     </span>
    </p>

    <p class='ocr_par' dir='ltr' id='par_1_9' title="bbox 339 987 1489 1043">
     <span class='ocr_line' id='line_1_16' title="bbox 339 987 1489 1043; baseline 0.003 -15"><span class='ocrx_word' id='word_1_83' title='bbox 339 987 498 1029; x_wconf 82' lang='lat' dir='ltr'>deserit</span> <span class='ocrx_word' id='word_1_84' title='bbox 528 990 654 1043; x_wconf 89' lang='lat' dir='ltr'>atque</span> <span class='ocrx_word' id='word_1_85' title='bbox 688 989 820 1030; x_wconf 89' lang='lat' dir='ltr'>altam</span> <span class='ocrx_word' id='word_1_86' title='bbox 853 1003 980 1043; x_wconf 86' lang='lat' dir='ltr'>supra</span> <span class='ocrx_word' id='word_1_87' title='bbox 1011 989 1130 1030; x_wconf 86' lang='lat' dir='ltr'>volat</span> <span class='ocrx_word' id='word_1_88' title='bbox 1162 989 1290 1031; x_wconf 84' lang='lat' dir='ltr'>ardea</span> <span class='ocrx_word' id='word_1_89' title='bbox 1320 990 1489 1032; x_wconf 89' lang='lat' dir='ltr'>nubem.</span> 
     </span>
    </p>
   </div>
   <div class='ocr_carea' id='block_1_9' title="bbox 191 1051 273 1088">
    <p class='ocr_par' dir='ltr' id='par_1_10' title="bbox 191 1051 273 1088">
     <span class='ocr_line' id='line_1_17' title="bbox 191 1051 273 1088; baseline -0.012 0"><span class='ocrx_word' id='word_1_90' title='bbox 191 1051 273 1088; x_wconf 81' lang='lat'>365</span> 
     </span>
    </p>
   </div>
   <div class='ocr_carea' id='block_1_10' title="bbox 339 1047 1466 1102">
    <p class='ocr_par' dir='ltr' id='par_1_11' title="bbox 339 1047 1466 1102">
     <span class='ocr_line' id='line_1_18' title="bbox 339 1047 1466 1102; baseline 0.003 -14"><span class='ocrx_word' id='word_1_91' title='bbox 339 1061 464 1101; x_wconf 87' lang='lat' dir='ltr'>saepe</span> <span class='ocrx_word' id='word_1_92' title='bbox 497 1047 627 1089; x_wconf 87' lang='lat' dir='ltr'>etiam</span> <span class='ocrx_word' id='word_1_93' title='bbox 661 1048 806 1089; x_wconf 89' lang='lat' dir='ltr'>stellas</span> <span class='ocrx_word' id='word_1_94' title='bbox 838 1051 965 1090; x_wconf 88' lang='lat' dir='ltr'>vento</span> <span class='ocrx_word' id='word_1_95' title='bbox 998 1048 1271 1102; x_wconf 76' lang='lat' dir='ltr'>impendente</span> <span class='ocrx_word' id='word_1_96' title='bbox 1302 1049 1466 1092; x_wconf 89' lang='lat' dir='ltr'>videbis</span> 
     </span>
    </p>
   </div>
   <div class='ocr_carea' id='block_1_11' title="bbox 334 1107 1552 1341">
    <p class='ocr_par' dir='ltr' id='par_1_12' title="bbox 334 1107 1552 1341">
     <span class='ocr_line' id='line_1_19' title="bbox 334 1107 1449 1162; baseline 0.003 -15"><span class='ocrx_word' id='word_1_97' title='bbox 334 1107 594 1161; x_wconf 86' lang='lat' dir='ltr'>praecipites</span> <span class='ocrx_word' id='word_1_98' title='bbox 627 1108 743 1149; x_wconf 88' lang='lat' dir='ltr'>caelo</span> <span class='ocrx_word' id='word_1_99' title='bbox 776 1107 863 1149; x_wconf 90' lang='lat' dir='ltr'>labi</span> <span class='ocrx_word' id='word_1_100' title='bbox 895 1107 1117 1162; x_wconf 84' lang='lat' dir='ltr'>noctisque</span> <span class='ocrx_word' id='word_1_101' title='bbox 1148 1122 1224 1162; x_wconf 91' lang='lat' dir='ltr'>per</span> <span class='ocrx_word' id='word_1_102' title='bbox 1255 1109 1449 1151; x_wconf 89' lang='lat' dir='ltr'>umbram</span> 
     </span>
     <span class='ocr_line' id='line_1_20' title="bbox 337 1164 1466 1222; baseline 0.004 -16"><span class='ocrx_word' id='word_1_103' title='bbox 337 1164 608 1207; x_wconf 88' lang='lat' dir='ltr'>flammarum</span> <span class='ocrx_word' id='word_1_104' title='bbox 639 1167 795 1222; x_wconf 88' lang='lat' dir='ltr'>longos</span> <span class='ocrx_word' id='word_1_105' title='bbox 828 1182 853 1208; x_wconf 88' lang='lat' dir='ltr'>a</span> <span class='ocrx_word' id='word_1_106' title='bbox 883 1170 1006 1222; x_wconf 87' lang='lat' dir='ltr'>tergo</span> <span class='ocrx_word' id='word_1_107' title='bbox 1039 1167 1253 1209; x_wconf 83' lang='lat' dir='ltr'>albescere</span> <span class='ocrx_word' id='word_1_108' title='bbox 1283 1170 1466 1222; x_wconf 87' lang='lat' dir='ltr'>tractus,</span> 
     </span>
     <span class='ocr_line' id='line_1_21' title="bbox 337 1225 1552 1283; baseline 0.004 -18"><span class='ocrx_word' id='word_1_109' title='bbox 337 1238 463 1278; x_wconf 84' lang='lat' dir='ltr'>saepe</span> <span class='ocrx_word' id='word_1_110' title='bbox 494 1225 631 1266; x_wconf 92' lang='lat' dir='ltr'>levem</span> <span class='ocrx_word' id='word_1_111' title='bbox 661 1225 831 1279; x_wconf 88' lang='lat' dir='ltr'>paleam</span> <span class='ocrx_word' id='word_1_112' title='bbox 864 1229 906 1267; x_wconf 87' lang='lat' dir='ltr'>et</span> <span class='ocrx_word' id='word_1_113' title='bbox 936 1226 1107 1268; x_wconf 86' lang='lat' dir='ltr'>frondes</span> <span class='ocrx_word' id='word_1_114' title='bbox 1140 1227 1320 1268; x_wconf 86' lang='lat' dir='ltr'>volitare</span> <span class='ocrx_word' id='word_1_115' title='bbox 1353 1228 1552 1283; x_wconf 84' lang='lat' dir='ltr'>caducas,</span> 
     </span>
     <span class='ocr_line' id='line_1_22' title="bbox 339 1285 1466 1341; baseline 0.004 -17"><span class='ocrx_word' id='word_1_116' title='bbox 339 1286 413 1324; x_wconf 87' lang='lat' dir='ltr'>aut</span> <span class='ocrx_word' id='word_1_117' title='bbox 445 1298 611 1325; x_wconf 89' lang='lat' dir='ltr'>summa</span> <span class='ocrx_word' id='word_1_118' title='bbox 641 1285 786 1326; x_wconf 90' lang='lat' dir='ltr'>nantis</span> <span class='ocrx_word' id='word_1_119' title='bbox 820 1286 864 1326; x_wconf 91' lang='lat' dir='ltr'>in</span> <span class='ocrx_word' id='word_1_120' title='bbox 896 1300 1008 1340; x_wconf 88' lang='lat' dir='ltr'>aqua</span> <span class='ocrx_word' id='word_1_121' title='bbox 1040 1285 1251 1328; x_wconf 89' lang='lat' dir='ltr'>colludere</span> <span class='ocrx_word' id='word_1_122' title='bbox 1282 1287 1466 1341; x_wconf 87' lang='lat' dir='ltr'>plumas.</span> 
     </span>
    </p>
   </div>
   <div class='ocr_carea' id='block_1_12' title="bbox 191 1347 275 1383">
    <p class='ocr_par' dir='ltr' id='par_1_13' title="bbox 191 1347 275 1383">
     <span class='ocr_line' id='line_1_23' title="bbox 191 1347 275 1383; baseline 0 0"><span class='ocrx_word' id='word_1_123' title='bbox 191 1347 275 1383; x_wconf 78' lang='lat'>370</span> 
     </span>
    </p>
   </div>
   <div class='ocr_carea' id='block_1_13' title="bbox 338 1341 1559 1400">
    <p class='ocr_par' dir='ltr' id='par_1_14' title="bbox 338 1341 1559 1400">
     <span class='ocr_line' id='line_1_24' title="bbox 338 1341 1559 1400; baseline 0.005 -17"><span class='ocrx_word' id='word_1_124' title='bbox 338 1344 383 1383; x_wconf 91' lang='lat' dir='ltr'>at</span> <span class='ocrx_word' id='word_1_125' title='bbox 414 1341 577 1385; x_wconf 86' lang='lat' dir='ltr'>Boreae</span> <span class='ocrx_word' id='word_1_126' title='bbox 610 1344 660 1385; x_wconf 91' lang='lat' dir='ltr'>de</span> <span class='ocrx_word' id='word_1_127' title='bbox 691 1347 813 1397; x_wconf 88' lang='lat' dir='ltr'>parte</span> <span class='ocrx_word' id='word_1_128' title='bbox 844 1345 978 1386; x_wconf 86' lang='lat' dir='ltr'>trucis</span> <span class='ocrx_word' id='word_1_129' title='bbox 1010 1359 1106 1386; x_wconf 88' lang='lat' dir='ltr'>cum</span> <span class='ocrx_word' id='word_1_130' title='bbox 1138 1344 1358 1400; x_wconf 85' lang='lat' dir='ltr'>fulminat,</span> <span class='ocrx_word' id='word_1_131' title='bbox 1391 1349 1434 1388; x_wconf 89' lang='lat' dir='ltr'>et</span> <span class='ocrx_word' id='word_1_132' title='bbox 1465 1362 1559 1389; x_wconf 88' lang='lat' dir='ltr'>cum</span> 
     </span>
    </p>
   </div>
   <div class='ocr_carea' id='block_1_14' title="bbox 336 1400 1529 1519">
    <p class='ocr_par' dir='ltr' id='par_1_15' title="bbox 336 1400 1529 1519">
     <span class='ocr_line' id='line_1_25' title="bbox 336 1400 1529 1460; baseline 0.005 -18"><span class='ocrx_word' id='word_1_133' title='bbox 336 1400 526 1457; x_wconf 88' lang='lat' dir='ltr'>Eurique</span> <span class='ocrx_word' id='word_1_134' title='bbox 560 1402 825 1458; x_wconf 86' lang='lat' dir='ltr'>Zephyrique</span> <span class='ocrx_word' id='word_1_135' title='bbox 857 1406 980 1445; x_wconf 85' lang='lat' dir='ltr'>tonat</span> <span class='ocrx_word' id='word_1_136' title='bbox 1011 1404 1182 1446; x_wconf 87' lang='lat' dir='ltr'>domus:</span> <span class='ocrx_word' id='word_1_137' title='bbox 1216 1406 1361 1447; x_wconf 89' lang='lat' dir='ltr'>omnia</span> <span class='ocrx_word' id='word_1_138' title='bbox 1391 1407 1529 1460; x_wconf 88' lang='lat' dir='ltr'>plenis</span> 
     </span>
     <span class='ocr_line' id='line_1_26' title="bbox 339 1462 1477 1519; baseline 0.004 -18"><span class='ocrx_word' id='word_1_139' title='bbox 339 1475 440 1502; x_wconf 89' lang='lat' dir='ltr'>rura</span> <span class='ocrx_word' id='word_1_140' title='bbox 471 1464 624 1503; x_wconf 87' lang='lat' dir='ltr'>natant</span> <span class='ocrx_word' id='word_1_141' title='bbox 655 1462 800 1516; x_wconf 77' lang='lat' dir='ltr'>fossis,</span> <span class='ocrx_word' id='word_1_142' title='bbox 834 1465 961 1518; x_wconf 88' lang='lat' dir='ltr'>atque</span> <span class='ocrx_word' id='word_1_143' title='bbox 995 1463 1133 1505; x_wconf 90' lang='lat' dir='ltr'>omnis</span> <span class='ocrx_word' id='word_1_144' title='bbox 1165 1464 1312 1506; x_wconf 86' lang='lat' dir='ltr'>navita</span> <span class='ocrx_word' id='word_1_145' title='bbox 1342 1468 1477 1519; x_wconf 90' lang='lat' dir='ltr'>ponto</span> 
     </span>
    </p>
   </div>
   <div class='ocr_carea' id='block_1_15' title="bbox 335 1520 753 1576">
    <p class='ocr_par' dir='ltr' id='par_1_16' title="bbox 335 1520 753 1576">
     <span class='ocr_line' id='line_1_27' title="bbox 335 1520 753 1576; baseline 0.007 -16"><span class='ocrx_word' id='word_1_146' title='bbox 335 1520 480 1561; x_wconf 88' lang='lat' dir='ltr'>umida</span> <span class='ocrx_word' id='word_1_147' title='bbox 511 1521 605 1562; x_wconf 88' lang='lat' dir='ltr'>vela</span> <span class='ocrx_word' id='word_1_148' title='bbox 635 1522 753 1576; x_wconf 87' lang='lat' dir='ltr'>legit.</span> 
     </span>
    </p>
   </div>
   <div class='ocr_carea' id='block_1_16' title="bbox 814 1522 1593 1577">
    <p class='ocr_par' dir='ltr' id='par_1_17' title="bbox 814 1522 1593 1577">
     <span class='ocr_line' id='line_1_28' title="bbox 814 1522 1593 1577; baseline 0.006 -15"><span class='ocrx_word' id='word_1_149' title='bbox 814 1537 1048 1577; x_wconf 87' lang='lat' dir='ltr'>numquam</span> <span class='ocrx_word' id='word_1_150' title='bbox 1079 1522 1424 1577; x_wconf 89' lang='lat' dir='ltr'>imprudentibus</span> <span class='ocrx_word' id='word_1_151' title='bbox 1456 1525 1593 1567; x_wconf 87' lang='lat' dir='ltr'>imber</span> 
     </span>
    </p>
   </div>
   <div class='ocr_carea' id='block_1_17' title="bbox 337 1579 1381 1637">
    <p class='ocr_par' dir='ltr' id='par_1_18' title="bbox 337 1579 1381 1637">
     <span class='ocr_line' id='line_1_29' title="bbox 337 1579 1381 1637; baseline 0.004 -17"><span class='ocrx_word' id='word_1_152' title='bbox 337 1579 493 1620; x_wconf 88' lang='lat' dir='ltr'>obfuit:</span> <span class='ocrx_word' id='word_1_153' title='bbox 526 1582 600 1621; x_wconf 83' lang='lat' dir='ltr'>aut</span> <span class='ocrx_word' id='word_1_154' title='bbox 631 1580 753 1622; x_wconf 89' lang='lat' dir='ltr'>illum</span> <span class='ocrx_word' id='word_1_155' title='bbox 785 1585 1033 1637; x_wconf 84' lang='lat' dir='ltr'>surgentem</span> <span class='ocrx_word' id='word_1_156' title='bbox 1066 1582 1250 1624; x_wconf 89' lang='lat' dir='ltr'>vallibus</span> <span class='ocrx_word' id='word_1_157' title='bbox 1283 1583 1381 1625; x_wconf 91' lang='lat' dir='ltr'>imis</span> 
     </span>
    </p>
   </div>
   <div class='ocr_carea' id='block_1_18' title="bbox 190 1642 273 1679">
    <p class='ocr_par' dir='ltr' id='par_1_19' title="bbox 190 1642 273 1679">
     <span class='ocr_line' id='line_1_30' title="bbox 190 1642 273 1679; baseline 0 0"><span class='ocrx_word' id='word_1_158' title='bbox 190 1642 273 1679; x_wconf 72' lang='lat'>375</span> 
     </span>
    </p>
   </div>
   <div class='ocr_carea' id='block_1_19' title="bbox 337 1639 1323 1696">
    <p class='ocr_par' dir='ltr' id='par_1_20' title="bbox 337 1639 1323 1696">
     <span class='ocr_line' id='line_1_31' title="bbox 337 1639 1323 1696; baseline 0.004 -17"><span class='ocrx_word' id='word_1_159' title='bbox 337 1639 477 1680; x_wconf 80' lang='lat' dir='ltr'>ae‘riae</span> <span class='ocrx_word' id='word_1_160' title='bbox 507 1639 655 1695; x_wconf 87' lang='lat' dir='ltr'>fugere</span> <span class='ocrx_word' id='word_1_161' title='bbox 687 1654 831 1696; x_wconf 82' lang='lat' dir='ltr'>grues,</span> <span class='ocrx_word' id='word_1_162' title='bbox 864 1644 939 1682; x_wconf 88' lang='lat' dir='ltr'>aut</span> <span class='ocrx_word' id='word_1_163' title='bbox 969 1641 1124 1683; x_wconf 88' lang='lat' dir='ltr'>bucula</span> <span class='ocrx_word' id='word_1_164' title='bbox 1157 1643 1323 1683; x_wconf 86' lang='lat' dir='ltr'>caelum</span> 
     </span>
    </p>
   </div>
   <div class='ocr_carea' id='block_1_20' title="bbox 324 1699 1450 1932">
    <p class='ocr_par' dir='ltr' id='par_1_21' title="bbox 324 1699 1450 1932">
     <span class='ocr_line' id='line_1_32' title="bbox 337 1699 1371 1757; baseline 0.004 -18"><span class='ocrx_word' id='word_1_165' title='bbox 337 1699 573 1753; x_wconf 88' lang='lat' dir='ltr'>suspiciens</span> <span class='ocrx_word' id='word_1_166' title='bbox 604 1700 764 1753; x_wconf 84' lang='lat' dir='ltr'>patulis</span> <span class='ocrx_word' id='word_1_167' title='bbox 796 1701 987 1755; x_wconf 84' lang='lat' dir='ltr'>captavit</span> <span class='ocrx_word' id='word_1_168' title='bbox 1016 1701 1194 1743; x_wconf 89' lang='lat' dir='ltr'>naribus</span> <span class='ocrx_word' id='word_1_169' title='bbox 1227 1716 1371 1757; x_wconf 75' lang='lat' dir='ltr'>auras,</span> 
     </span>
     <span class='ocr_line' id='line_1_33' title="bbox 337 1759 1352 1813; baseline 0.005 -15"><span class='ocrx_word' id='word_1_170' title='bbox 337 1760 411 1798; x_wconf 87' lang='lat' dir='ltr'>aut</span> <span class='ocrx_word' id='word_1_171' title='bbox 443 1761 594 1813; x_wconf 85' lang='lat' dir='ltr'>arguta</span> <span class='ocrx_word' id='word_1_172' title='bbox 625 1759 744 1801; x_wconf 89' lang='lat' dir='ltr'>lacus</span> <span class='ocrx_word' id='word_1_173' title='bbox 777 1760 1138 1802; x_wconf 86' lang='lat' dir='ltr'>circumvolitavit</span> <span class='ocrx_word' id='word_1_174' title='bbox 1168 1761 1352 1803; x_wconf 90' lang='lat' dir='ltr'>hirundo</span> 
     </span>
     <span class='ocr_line' id='line_1_34' title="bbox 324 1818 1450 1874; baseline 0.004 -17"><span class='ocrx_word' id='word_1_175' title='bbox 324 1819 380 1869; x_wconf 72' lang='lat' dir='ltr'>vet</span> <span class='ocrx_word' id='word_1_176' title='bbox 410 1819 597 1858; x_wconf 89' lang='lat' dir='ltr'>veterem</span> <span class='ocrx_word' id='word_1_177' title='bbox 628 1818 672 1858; x_wconf 91' lang='lat' dir='ltr'>in</span> <span class='ocrx_word' id='word_1_178' title='bbox 703 1819 805 1860; x_wconf 90' lang='lat' dir='ltr'>limo</span> <span class='ocrx_word' id='word_1_179' title='bbox 839 1834 967 1860; x_wconf 88' lang='lat' dir='ltr'>ranae</span> <span class='ocrx_word' id='word_1_180' title='bbox 1000 1820 1190 1861; x_wconf 90' lang='lat' dir='ltr'>cecinere</span> <span class='ocrx_word' id='word_1_181' title='bbox 1223 1821 1450 1874; x_wconf 88' lang='lat' dir='ltr'>querelam.</span> 
     </span>
     <span class='ocr_line' id='line_1_35' title="bbox 338 1875 1359 1932; baseline 0.005 -17"><span class='ocrx_word' id='word_1_182' title='bbox 338 1875 508 1929; x_wconf 84' lang='lat' dir='ltr'>saepius</span> <span class='ocrx_word' id='word_1_183' title='bbox 541 1878 583 1917; x_wconf 87' lang='lat' dir='ltr'>et</span> <span class='ocrx_word' id='word_1_184' title='bbox 613 1878 737 1918; x_wconf 85' lang='lat' dir='ltr'>tectis</span> <span class='ocrx_word' id='word_1_185' title='bbox 769 1878 1061 1932; x_wconf 87' lang='lat' dir='ltr'>penetralibus</span> <span class='ocrx_word' id='word_1_186' title='bbox 1094 1879 1246 1920; x_wconf 80' lang='lat' dir='ltr'>extulit</span> <span class='ocrx_word' id='word_1_187' title='bbox 1278 1894 1359 1921; x_wconf 88' lang='lat' dir='ltr'>ova</span> 
     </span>
    </p>
   </div>
   <div class='ocr_carea' id='block_1_21' title="bbox 183 1990 932 2983">
    <p class='ocr_par' dir='ltr' id='par_1_22' title="bbox 236 1990 931 2038">
     <span class='ocr_line' id='line_1_36' title="bbox 236 1990 931 2038; baseline 0.004 -13"><span class='ocrx_word' id='word_1_188' title='bbox 236 1995 315 2025; x_wconf 82' lang='lat'>354.</span> <span class='ocrx_word' id='word_1_189' title='bbox 343 1992 526 2034; x_wconf 81' lang='lat' dir='ltr'>caderent,</span> <span class='ocrx_word' id='word_1_190' title='bbox 556 1990 761 2038; x_wconf 84' lang='lat' dir='ltr'>Gegensatz</span> <span class='ocrx_word' id='word_1_191' title='bbox 792 2006 824 2028; x_wconf 84' lang='lat' dir='ltr'>v,</span> <span class='ocrx_word' id='word_1_192' title='bbox 852 1998 931 2028; x_wconf 77' lang='lat'>356.</span> 
     </span>
    </p>

    <p class='ocr_par' dir='ltr' id='par_1_23' title="bbox 186 2040 932 2179">
     <span class='ocr_line' id='line_1_37' title="bbox 236 2040 932 2084; baseline 0.004 -12"><span class='ocrx_word' id='word_1_193' title='bbox 236 2042 316 2073; x_wconf 86' lang='lat'>357.</span> <span class='ocrx_word' id='word_1_194' title='bbox 343 2040 472 2074; x_wconf 86' lang='lat' dir='ltr'>aridus</span> <span class='ocrx_word' id='word_1_195' title='bbox 496 2042 639 2084; x_wconf 71' lang='lat' dir='ltr'>frayor,</span> <span class='ocrx_word' id='word_1_196' title='bbox 672 2040 838 2075; x_wconf 87' lang='lat' dir='ltr'>Geknarr</span> <span class='ocrx_word' id='word_1_197' title='bbox 862 2041 932 2076; x_wconf 85' lang='lat' dir='ltr'>wie</span> 
     </span>
     <span class='ocr_line' id='line_1_38' title="bbox 186 2085 932 2134; baseline 0.005 -15"><span class='ocrx_word' id='word_1_198' title='bbox 186 2085 286 2120; x_wconf 90' lang='lat' dir='ltr'>beim</span> <span class='ocrx_word' id='word_1_199' title='bbox 307 2086 472 2134; x_wconf 70' lang='lat' dir='ltr'>Brechen</span> <span class='ocrx_word' id='word_1_200' title='bbox 491 2087 554 2121; x_wconf 92' lang='lat' dir='ltr'>des</span> <span class='ocrx_word' id='word_1_201' title='bbox 579 2087 781 2123; x_wconf 86' lang='lat' dir='ltr'>trockenen</span> <span class='ocrx_word' id='word_1_202' title='bbox 799 2088 932 2124; x_wconf 81' lang='lat' dir='ltr'>Holzes</span> 
     </span>
     <span class='ocr_line' id='line_1_39' title="bbox 188 2131 686 2179; baseline 0.002 -11"><span class='ocrx_word' id='word_1_203' title='bbox 188 2133 262 2176; x_wconf 86' lang='lat' dir='ltr'>(bei</span> <span class='ocrx_word' id='word_1_204' title='bbox 286 2133 394 2168; x_wconf 86' lang='lat' dir='ltr'>Hom.</span> <span class='ocrx_word' id='word_1_205' title='bbox 422 2134 519 2168; x_wconf 81' lang='grc' dir='ltr'><strong><em>αὐον</em></strong></span> <span class='ocrx_word' id='word_1_206' title='bbox 544 2131 686 2179; x_wconf 72' lang='grc' dir='ltr'>ἅυσεν).</span> 
     </span>
    </p>

    <p class='ocr_par' dir='ltr' id='par_1_24' title="bbox 186 2182 930 2357">
     <span class='ocr_line' id='line_1_40' title="bbox 235 2182 930 2218; baseline 0.004 -3"><span class='ocrx_word' id='word_1_207' title='bbox 235 2185 314 2216; x_wconf 85' lang='lat'>358.</span> <span class='ocrx_word' id='word_1_208' title='bbox 330 2182 541 2216; x_wconf 74' lang='lat' dir='ltr'>resonantia</span> <span class='ocrx_word' id='word_1_209' title='bbox 555 2182 664 2217; x_wconf 81' lang='lat' dir='ltr'>litora</span> <span class='ocrx_word' id='word_1_210' title='bbox 683 2184 833 2217; x_wconf 78' lang='lat' dir='ltr'>misceri.</span> <span class='ocrx_word' id='word_1_211' title='bbox 862 2184 930 2218; x_wconf 94' lang='lat' dir='ltr'>Die</span> 
     </span>
     <span class='ocr_line' id='line_1_41' title="bbox 186 2227 928 2275; baseline 0.004 -13"><span class='ocrx_word' id='word_1_212' title='bbox 186 2227 276 2262; x_wconf 78' lang='lat' dir='ltr'>Ufer</span> <span class='ocrx_word' id='word_1_213' title='bbox 305 2229 452 2264; x_wconf 87' lang='lat' dir='ltr'>werden</span> <span class='ocrx_word' id='word_1_214' title='bbox 484 2240 557 2264; x_wconf 90' lang='lat' dir='ltr'>von</span> <span class='ocrx_word' id='word_1_215' title='bbox 589 2230 660 2264; x_wconf 90' lang='lat' dir='ltr'>den</span> <span class='ocrx_word' id='word_1_216' title='bbox 691 2230 836 2265; x_wconf 54' lang='lat' dir='ltr'>XVellen</span> <span class='ocrx_word' id='word_1_217' title='bbox 868 2242 928 2275; x_wconf 90' lang='lat' dir='ltr'>ge-</span> 
     </span>
     <span class='ocr_line' id='line_1_42' title="bbox 187 2275 927 2321; baseline 0.005 -12"><span class='ocrx_word' id='word_1_218' title='bbox 187 2275 361 2321; x_wconf 58' lang='lat' dir='ltr'>pensem,</span> <span class='ocrx_word' id='word_1_219' title='bbox 386 2277 471 2311; x_wconf 82' lang='lat' dir='ltr'>dass</span> <span class='ocrx_word' id='word_1_220' title='bbox 497 2288 535 2311; x_wconf 86' lang='lat' dir='ltr'>es</span> <span class='ocrx_word' id='word_1_221' title='bbox 560 2276 750 2312; x_wconf 73' lang='lat' dir='ltr'>drohnend</span> <span class='ocrx_word' id='word_1_222' title='bbox 777 2278 927 2313; x_wconf 87' lang='lat' dir='ltr'>wieder-</span> 
     </span>
     <span class='ocr_line' id='line_1_43' title="bbox 187 2323 293 2357; baseline 0 -1"><span class='ocrx_word' id='word_1_223' title='bbox 187 2323 293 2357; x_wconf 87' lang='lat' dir='ltr'>hallt.</span> 
     </span>
    </p>

    <p class='ocr_par' dir='ltr' id='par_1_25' title="bbox 186 2371 927 2461">
     <span class='ocr_line' id='line_1_44' title="bbox 235 2371 927 2417; baseline 0.006 -13"><span class='ocrx_word' id='word_1_224' title='bbox 235 2373 314 2404; x_wconf 85' lang='lat'>367.</span> <span class='ocrx_word' id='word_1_225' title='bbox 334 2371 563 2414; x_wconf 84' lang='lat' dir='ltr'>flammarum</span> <span class='ocrx_word' id='word_1_226' title='bbox 580 2375 728 2415; x_wconf 73' lang='lat' dir='ltr'>tractus,</span> <span class='ocrx_word' id='word_1_227' title='bbox 748 2373 821 2417; x_wconf 84' lang='lat' dir='ltr'>vgl.</span> <span class='ocrx_word' id='word_1_228' title='bbox 836 2374 927 2409; x_wconf 79' lang='lat' dir='ltr'>Aen.</span> 
     </span>
     <span class='ocr_line' id='line_1_45' title="bbox 186 2417 336 2461; baseline 0.013 -11"><span class='ocrx_word' id='word_1_229' title='bbox 186 2417 231 2461; x_wconf 81' lang='grc' dir='ltr'>ΙΙ,</span> <span class='ocrx_word' id='word_1_230' title='bbox 259 2421 336 2452; x_wconf 84' lang='grc'>693.</span> 
     </span>
    </p>

    <p class='ocr_par' dir='ltr' id='par_1_26' title="bbox 187 2465 928 2560">
     <span class='ocr_line' id='line_1_46' title="bbox 235 2465 928 2508; baseline 0.007 -10"><span class='ocrx_word' id='word_1_231' title='bbox 235 2467 313 2500; x_wconf 86' lang='lat'>369</span> <span class='ocrx_word' id='word_1_232' title='bbox 347 2465 538 2508; x_wconf 78' lang='lat' dir='ltr'>colludere,</span> <span class='ocrx_word' id='word_1_233' title='bbox 573 2468 643 2502; x_wconf 87' lang='lat' dir='ltr'>wie</span> <span class='ocrx_word' id='word_1_234' title='bbox 674 2467 774 2502; x_wconf 90' lang='lat' dir='ltr'>beim</span> <span class='ocrx_word' id='word_1_235' title='bbox 806 2468 928 2503; x_wconf 87' lang='lat' dir='ltr'>Tanze</span> 
     </span>
     <span class='ocr_line' id='line_1_47' title="bbox 187 2511 822 2560; baseline 0.008 -15"><span class='ocrx_word' id='word_1_236' title='bbox 187 2511 264 2546; x_wconf 88' lang='lat' dir='ltr'>sich</span> <span class='ocrx_word' id='word_1_237' title='bbox 289 2522 410 2556; x_wconf 77' lang='lat' dir='ltr'>gegen</span> <span class='ocrx_word' id='word_1_238' title='bbox 436 2512 611 2548; x_wconf 88' lang='lat' dir='ltr'>einander</span> <span class='ocrx_word' id='word_1_239' title='bbox 636 2514 822 2560; x_wconf 89' lang='lat' dir='ltr'>bewegen.</span> 
     </span>
    </p>

    <p class='ocr_par' dir='ltr' id='par_1_27' title="bbox 187 2559 929 2688">
     <span class='ocr_line' id='line_1_48' title="bbox 235 2559 929 2607; baseline 0.007 -15.007"><span class='ocrx_word' id='word_1_240' title='bbox 235 2563 313 2593; x_wconf 81' lang='lat'>370.</span> <span class='ocrx_word' id='word_1_241' title='bbox 325 2559 464 2594; x_wconf 86' lang='lat' dir='ltr'>Boreae</span> <span class='ocrx_word' id='word_1_242' title='bbox 477 2561 519 2595; x_wconf 87' lang='lat' dir='ltr'>de</span> <span class='ocrx_word' id='word_1_243' title='bbox 526 2565 643 2604; x_wconf 79' lang='lat' dir='ltr'>parte</span> <span class='ocrx_word' id='word_1_244' title='bbox 657 2562 757 2597; x_wconf 77' lang='lat' dir='ltr'>Euri</span> <span class='ocrx_word' id='word_1_245' title='bbox 770 2563 929 2607; x_wconf 79' lang='lat' dir='ltr'>Zephyri</span> 
     </span>
     <span class='ocr_line' id='line_1_49' title="bbox 187 2606 928 2648; baseline 0.008 -9"><span class='ocrx_word' id='word_1_246' title='bbox 187 2606 324 2648; x_wconf 78' lang='lat' dir='ltr'>domus,</span> <span class='ocrx_word' id='word_1_247' title='bbox 349 2606 446 2641; x_wconf 87' lang='lat' dir='ltr'>Blitz</span> <span class='ocrx_word' id='word_1_248' title='bbox 470 2607 544 2642; x_wconf 91' lang='lat' dir='ltr'>und</span> <span class='ocrx_word' id='word_1_249' title='bbox 564 2608 712 2644; x_wconf 86' lang='lat' dir='ltr'>Donner</span> <span class='ocrx_word' id='word_1_250' title='bbox 737 2621 808 2644; x_wconf 89' lang='lat' dir='ltr'>von</span> <span class='ocrx_word' id='word_1_251' title='bbox 830 2610 928 2645; x_wconf 82' lang='lat' dir='ltr'>allen</span> 
     </span>
     <span class='ocr_line' id='line_1_50' title="bbox 189 2652 413 2689; baseline 0.005 -2"><span class='ocrx_word' id='word_1_252' title='bbox 189 2652 312 2688; x_wconf 87' lang='lat' dir='ltr'>Seiten</span> <span class='ocrx_word' id='word_1_253' title='bbox 337 2654 413 2689; x_wconf 89' lang='lat' dir='ltr'>her.</span> 
     </span>
    </p>

    <p class='ocr_par' dir='ltr' id='par_1_28' title="bbox 234 2701 724 2747">
     <span class='ocr_line' id='line_1_51' title="bbox 234 2701 724 2747; baseline 0.006 -12"><span class='ocrx_word' id='word_1_254' title='bbox 234 2704 314 2735; x_wconf 78' lang='lat'>372.</span> <span class='ocrx_word' id='word_1_255' title='bbox 339 2701 458 2744; x_wconf 77' lang='lat' dir='ltr'>fossis,</span> <span class='ocrx_word' id='word_1_256' title='bbox 483 2702 557 2747; x_wconf 84' lang='lat' dir='ltr'>vgl.</span> <span class='ocrx_word' id='word_1_257' title='bbox 584 2715 617 2737; x_wconf 86' lang='lat' dir='ltr'>v.</span> <span class='ocrx_word' id='word_1_258' title='bbox 645 2708 724 2738; x_wconf 79' lang='lat'>326.</span> 
     </span>
    </p>

    <p class='ocr_par' dir='ltr' id='par_1_29' title="bbox 184 2749 927 2878">
     <span class='ocr_line' id='line_1_52' title="bbox 233 2749 927 2792; baseline 0.006 -10"><span class='ocrx_word' id='word_1_259' title='bbox 233 2752 311 2782; x_wconf 89' lang='lat'>373.</span> <span class='ocrx_word' id='word_1_260' title='bbox 323 2749 623 2792; x_wconf 77' lang='lat' dir='ltr'>imprudentibus,</span> <span class='ocrx_word' id='word_1_261' title='bbox 634 2750 728 2785; x_wconf 89' lang='lat' dir='ltr'>ohne</span> <span class='ocrx_word' id='word_1_262' title='bbox 743 2751 827 2786; x_wconf 84' lang='lat' dir='ltr'>dass</span> <span class='ocrx_word' id='word_1_263' title='bbox 841 2763 927 2786; x_wconf 86' lang='lat' dir='ltr'>man</span> 
     </span>
     <span class='ocr_line' id='line_1_53' title="bbox 185 2795 927 2842; baseline 0.004 -12"><span class='ocrx_word' id='word_1_264' title='bbox 185 2795 302 2830; x_wconf 87' lang='lat' dir='ltr'>durch</span> <span class='ocrx_word' id='word_1_265' title='bbox 347 2795 505 2831; x_wconf 82' lang='lat' dir='ltr'>Zeichen</span> <span class='ocrx_word' id='word_1_266' title='bbox 552 2797 730 2842; x_wconf 84' lang='lat' dir='ltr'>gernahnt</span> <span class='ocrx_word' id='word_1_267' title='bbox 779 2799 927 2833; x_wconf 83' lang='lat' dir='ltr'>worden</span> 
     </span>
     <span class='ocr_line' id='line_1_54' title="bbox 184 2854 293 2878; baseline 0 -1"><span class='ocrx_word' id='word_1_268' title='bbox 184 2854 293 2878; x_wconf 85' lang='lat' dir='ltr'>ware.</span> 
     </span>
    </p>

    <p class='ocr_par' dir='ltr' id='par_1_30' title="bbox 183 2891 926 2983">
     <span class='ocr_line' id='line_1_55' title="bbox 233 2891 926 2927; baseline 0.003 -2"><span class='ocrx_word' id='word_1_269' title='bbox 233 2894 311 2925; x_wconf 77' lang='lat'>374.</span> <span class='ocrx_word' id='word_1_270' title='bbox 338 2891 496 2926; x_wconf 77' lang='lat' dir='ltr'>vallibus</span> <span class='ocrx_word' id='word_1_271' title='bbox 521 2892 614 2925; x_wconf 80' lang='lat' dir='ltr'>imis.</span> <span class='ocrx_word' id='word_1_272' title='bbox 654 2891 739 2926; x_wconf 89' lang='lat' dir='ltr'>Tief</span> <span class='ocrx_word' id='word_1_273' title='bbox 761 2892 811 2926; x_wconf 88' lang='lat' dir='ltr'>im</span> <span class='ocrx_word' id='word_1_274' title='bbox 832 2893 926 2927; x_wconf 90' lang='lat' dir='ltr'>Tha-</span> 
     </span>
     <span class='ocr_line' id='line_1_56' title="bbox 183 2937 925 2983; baseline 0.003 -11"><span class='ocrx_word' id='word_1_275' title='bbox 183 2937 360 2983; x_wconf 89' lang='lat' dir='ltr'>lesgrund</span> <span class='ocrx_word' id='word_1_276' title='bbox 391 2938 526 2974; x_wconf 82' lang='lat' dir='ltr'>suchen</span> <span class='ocrx_word' id='word_1_277' title='bbox 554 2939 613 2974; x_wconf 92' lang='lat' dir='ltr'>die</span> <span class='ocrx_word' id='word_1_278' title='bbox 641 2941 742 2974; x_wconf 83' lang='lat' dir='ltr'>sonst</span> <span class='ocrx_word' id='word_1_279' title='bbox 766 2939 862 2974; x_wconf 91' lang='lat' dir='ltr'>hoch</span> <span class='ocrx_word' id='word_1_280' title='bbox 887 2940 925 2974; x_wconf 92' lang='lat' dir='ltr'>in</span> 
     </span>
    </p>
   </div>
   <div class='ocr_carea' id='block_1_22' title="bbox 1000 1995 1753 2330">
    <p class='ocr_par' dir='ltr' id='par_1_31' title="bbox 1000 1995 1753 2330">
     <span class='ocr_line' id='line_1_57' title="bbox 1006 1995 1747 2036; baseline 0.011 -8"><span class='ocrx_word' id='word_1_281' title='bbox 1006 1995 1070 2029; x_wconf 89' lang='lat' dir='ltr'>der</span> <span class='ocrx_word' id='word_1_282' title='bbox 1089 1995 1177 2029; x_wconf 80' lang='lat' dir='ltr'>Luft</span> <span class='ocrx_word' id='word_1_283' title='bbox 1196 1995 1413 2031; x_wconf 87' lang='lat' dir='ltr'>kreisenden</span> <span class='ocrx_word' id='word_1_284' title='bbox 1426 1996 1611 2033; x_wconf 87' lang='lat' dir='ltr'>Kraniche</span> <span class='ocrx_word' id='word_1_285' title='bbox 1632 2000 1747 2036; x_wconf 88' lang='lat' dir='ltr'>durch</span> 
     </span>
     <span class='ocr_line' id='line_1_58' title="bbox 1004 2042 1747 2093; baseline 0.01 -17"><span class='ocrx_word' id='word_1_286' title='bbox 1004 2042 1064 2077; x_wconf 91' lang='lat' dir='ltr'>die</span> <span class='ocrx_word' id='word_1_287' title='bbox 1090 2042 1225 2077; x_wconf 81' lang='lat' dir='ltr'>Flucht</span> <span class='ocrx_word' id='word_1_288' title='bbox 1251 2043 1394 2078; x_wconf 87' lang='lat' dir='ltr'>Schutz.</span> <span class='ocrx_word' id='word_1_289' title='bbox 1424 2065 1466 2069; x_wconf 89' lang='lat'>—</span> <span class='ocrx_word' id='word_1_290' title='bbox 1491 2045 1632 2090; x_wconf 34' lang='lat' dir='ltr'>fuyerye</span> <span class='ocrx_word' id='word_1_291' title='bbox 1665 2059 1747 2093; x_wconf 78' lang='lat' dir='ltr'>cap-</span> 
     </span>
     <span class='ocr_line' id='line_1_59' title="bbox 1004 2090 1749 2134; baseline 0.009 -11"><span class='ocrx_word' id='word_1_292' title='bbox 1004 2090 1113 2131; x_wconf 73' lang='lat' dir='ltr'>tari,t</span> <span class='ocrx_word' id='word_1_293' title='bbox 1159 2091 1479 2134; x_wconf 76' lang='lat' dir='ltr'>circumvolitavit</span> <span class='ocrx_word' id='word_1_294' title='bbox 1523 2093 1603 2128; x_wconf 88' lang='lat' dir='ltr'>hier</span> <span class='ocrx_word' id='word_1_295' title='bbox 1643 2094 1749 2130; x_wconf 85' lang='lat' dir='ltr'>nicht</span> 
     </span>
     <span class='ocr_line' id='line_1_60' title="bbox 1004 2137 1753 2187; baseline 0.009 -16"><span class='ocrx_word' id='word_1_296' title='bbox 1004 2137 1214 2179; x_wconf 84' lang='lat' dir='ltr'>aoristisoh‚</span> <span class='ocrx_word' id='word_1_297' title='bbox 1247 2138 1404 2173; x_wconf 88' lang='lat' dir='ltr'>sondern</span> <span class='ocrx_word' id='word_1_298' title='bbox 1435 2139 1504 2175; x_wconf 90' lang='lat' dir='ltr'>mit</span> <span class='ocrx_word' id='word_1_299' title='bbox 1527 2140 1651 2187; x_wconf 88' lang='lat' dir='ltr'>Bezug</span> <span class='ocrx_word' id='word_1_300' title='bbox 1683 2143 1753 2178; x_wconf 85' lang='lat' dir='ltr'>auf</span> 
     </span>
     <span class='ocr_line' id='line_1_61' title="bbox 1003 2184 1746 2234; baseline 0.01 -16"><span class='ocrx_word' id='word_1_301' title='bbox 1003 2184 1074 2219; x_wconf 93' lang='lat' dir='ltr'>den</span> <span class='ocrx_word' id='word_1_302' title='bbox 1093 2185 1309 2220; x_wconf 89' lang='lat' dir='ltr'>einzelnen</span> <span class='ocrx_word' id='word_1_303' title='bbox 1299 2198 1335 2220; x_wconf 86' lang='lat' dir='ltr'>in</span> <span class='ocrx_word' id='word_1_304' title='bbox 1352 2198 1549 2231; x_wconf 79' lang='lat' dir='ltr'>numquam</span> <span class='ocrx_word' id='word_1_305' title='bbox 1563 2190 1746 2234; x_wconf 87' lang='lat' dir='ltr'>angedeu-</span> 
     </span>
     <span class='ocr_line' id='line_1_62' title="bbox 1000 2232 1745 2280; baseline 0.008 -14"><span class='ocrx_word' id='word_1_306' title='bbox 1000 2233 1103 2267; x_wconf 75' lang='lat' dir='ltr'>teten</span> <span class='ocrx_word' id='word_1_307' title='bbox 1117 2232 1200 2266; x_wconf 88' lang='lat' dir='ltr'>Fall</span> <span class='ocrx_word' id='word_1_308' title='bbox 1214 2245 1278 2267; x_wconf 89' lang='lat' dir='ltr'>zur</span> <span class='ocrx_word' id='word_1_309' title='bbox 1288 2233 1547 2280; x_wconf 87' lang='lat' dir='ltr'>Bezeichnung</span> <span class='ocrx_word' id='word_1_310' title='bbox 1561 2236 1626 2270; x_wconf 91' lang='lat' dir='ltr'>der</span> <span class='ocrx_word' id='word_1_311' title='bbox 1635 2237 1745 2272; x_wconf 82' lang='lat' dir='ltr'>wirk-</span> 
     </span>
     <span class='ocr_line' id='line_1_63' title="bbox 1000 2278 1706 2330; baseline 0.009 -17"><span class='ocrx_word' id='word_1_312' title='bbox 1000 2278 1075 2314; x_wconf 87' lang='grc'>11011</span> <span class='ocrx_word' id='word_1_313' title='bbox 1101 2291 1478 2327; x_wconf 84' lang='lat' dir='ltr'>vorausgegangenen</span> <span class='ocrx_word' id='word_1_314' title='bbox 1504 2282 1706 2330; x_wconf 86' lang='lat' dir='ltr'>Mahnung.</span> 
     </span>
    </p>
   </div>
   <div class='ocr_carea' id='block_1_23' title="bbox 1000 2340 1747 2477">
    <p class='ocr_par' dir='ltr' id='par_1_32' title="bbox 1000 2340 1747 2473">
     <span class='ocr_line' id='line_1_64' title="bbox 1049 2340 1747 2384; baseline 0.01 -12"><span class='ocrx_word' id='word_1_315' title='bbox 1049 2342 1127 2373; x_wconf 89' lang='lat'>377.</span> <span class='ocrx_word' id='word_1_316' title='bbox 1164 2351 1208 2374; x_wconf 85' lang='lat' dir='ltr'>ar</span> <span class='ocrx_word' id='word_1_317' title='bbox 1208 2343 1298 2384; x_wconf 68' lang='lat' dir='ltr'>juta</span> <span class='ocrx_word' id='word_1_318' title='bbox 1331 2340 1506 2384; x_wconf 77' lang='lat' dir='ltr'>hirundo,</span> <span class='ocrx_word' id='word_1_319' title='bbox 1547 2343 1606 2378; x_wconf 89' lang='lat' dir='ltr'>die</span> <span class='ocrx_word' id='word_1_320' title='bbox 1642 2345 1747 2379; x_wconf 73' lang='lat' dir='ltr'>stark</span> 
     </span>
     <span class='ocr_line' id='line_1_65' title="bbox 1002 2386 1747 2427; baseline 0.011 -8"><span class='ocrx_word' id='word_1_321' title='bbox 1002 2386 1268 2421; x_wconf 84' lang='lat' dir='ltr'>zwitschernde</span> <span class='ocrx_word' id='word_1_322' title='bbox 1301 2386 1503 2424; x_wconf 86' lang='lat' dir='ltr'>Schwalbe.</span> <span class='ocrx_word' id='word_1_323' title='bbox 1554 2390 1628 2425; x_wconf 76' lang='lat' dir='ltr'>Das</span> <span class='ocrx_word' id='word_1_324' title='bbox 1660 2391 1747 2427; x_wconf 84' lang='lat' dir='ltr'>Bild</span> 
     </span>
     <span class='ocr_line' id='line_1_66' title="bbox 1000 2433 1711 2477; baseline 0.009 -10"><span class='ocrx_word' id='word_1_325' title='bbox 1000 2433 1049 2467; x_wconf 84' lang='lat' dir='ltr'>ist</span> <span class='ocrx_word' id='word_1_326' title='bbox 1073 2435 1201 2477; x_wconf 86' lang='lat' dir='ltr'>getreu</span> <span class='ocrx_word' id='word_1_327' title='bbox 1226 2434 1291 2469; x_wconf 88' lang='lat' dir='ltr'>der</span> <span class='ocrx_word' id='word_1_328' title='bbox 1316 2435 1437 2470; x_wconf 84' lang='lat' dir='ltr'>Natur</span> <span class='ocrx_word' id='word_1_329' title='bbox 1462 2438 1711 2474; x_wconf 88' lang='lat' dir='ltr'>entnommen.</span> 
     </span>
    </p>
   </div>
   <div class='ocr_carea' id='block_1_24' title="bbox 1000 2495 1747 2727">
    <p class='ocr_par' dir='ltr' id='par_1_33' title="bbox 1000 2495 1747 2724">
     <span class='ocr_line' id='line_1_67' title="bbox 1049 2495 1747 2538; baseline 0.011 -13"><span class='ocrx_word' id='word_1_330' title='bbox 1049 2495 1125 2526; x_wconf 88' lang='lat'>378.</span> <span class='ocrx_word' id='word_1_331' title='bbox 1142 2495 1288 2528; x_wconf 80' lang='lat' dir='ltr'>veterem</span> <span class='ocrx_word' id='word_1_332' title='bbox 1301 2496 1489 2538; x_wconf 82' lang='lat' dir='ltr'>querelam</span> <span class='ocrx_word' id='word_1_333' title='bbox 1523 2496 1623 2532; x_wconf 88' lang='lat' dir='ltr'>Das</span> <span class='ocrx_word' id='word_1_334' title='bbox 1612 2509 1747 2534; x_wconf 84' lang='lat' dir='ltr'>immer</span> 
     </span>
     <span class='ocr_line' id='line_1_68' title="bbox 1000 2538 1746 2588; baseline 0.012 -16"><span class='ocrx_word' id='word_1_335' title='bbox 1000 2538 1335 2585; x_wconf 74' lang='lat' dir='ltr'>wiederkehrende,</span> <span class='ocrx_word' id='word_1_336' title='bbox 1361 2542 1548 2588; x_wconf 76' lang='lat' dir='ltr'>eintonige</span> <span class='ocrx_word' id='word_1_337' title='bbox 1569 2545 1746 2587; x_wconf 85' lang='lat' dir='ltr'>Quacken</span> 
     </span>
     <span class='ocr_line' id='line_1_69' title="bbox 1001 2585 1743 2638; baseline 0.012 -19"><span class='ocrx_word' id='word_1_338' title='bbox 1001 2585 1065 2620; x_wconf 90' lang='lat' dir='ltr'>der</span> <span class='ocrx_word' id='word_1_339' title='bbox 1101 2586 1258 2623; x_wconf 74' lang='lat' dir='ltr'>Frosche</span> <span class='ocrx_word' id='word_1_340' title='bbox 1297 2589 1438 2634; x_wconf 86' lang='lat' dir='ltr'>gleicht</span> <span class='ocrx_word' id='word_1_341' title='bbox 1475 2591 1576 2626; x_wconf 88' lang='lat' dir='ltr'>einer</span> <span class='ocrx_word' id='word_1_342' title='bbox 1612 2592 1743 2638; x_wconf 81' lang='lat' dir='ltr'>Klage.</span> 
     </span>
     <span class='ocr_line' id='line_1_70' title="bbox 1000 2632 1745 2677; baseline 0.013 -11"><span class='ocrx_word' id='word_1_343' title='bbox 1000 2632 1178 2677; x_wconf 83' lang='lat' dir='ltr'>Lycische</span> <span class='ocrx_word' id='word_1_344' title='bbox 1205 2635 1350 2671; x_wconf 87' lang='lat' dir='ltr'>Bauern</span> <span class='ocrx_word' id='word_1_345' title='bbox 1376 2649 1498 2673; x_wconf 70' lang='lat' dir='ltr'>walen</span> <span class='ocrx_word' id='word_1_346' title='bbox 1526 2640 1563 2673; x_wconf 89' lang='lat' dir='ltr'>in</span> <span class='ocrx_word' id='word_1_347' title='bbox 1584 2639 1745 2676; x_wconf 67' lang='lat' dir='ltr'>Frfisohe</span> 
     </span>
     <span class='ocr_line' id='line_1_71' title="bbox 1001 2681 1744 2727; baseline 0.013 -14"><span class='ocrx_word' id='word_1_348' title='bbox 1001 2681 1229 2717; x_wconf 78' lang='lat' dir='ltr'>vei-wandelt</span> <span class='ocrx_word' id='word_1_349' title='bbox 1261 2684 1427 2727; x_wconf 84' lang='lat' dir='ltr'>worden,</span> <span class='ocrx_word' id='word_1_350' title='bbox 1469 2687 1553 2720; x_wconf 87' lang='lat' dir='ltr'>weil</span> <span class='ocrx_word' id='word_1_351' title='bbox 1595 2687 1647 2722; x_wconf 90' lang='lat' dir='ltr'>sie</span> <span class='ocrx_word' id='word_1_352' title='bbox 1682 2688 1744 2724; x_wconf 87' lang='lat' dir='ltr'>die</span> 
     </span>
    </p>
   </div>
   <div class='ocr_carea' id='block_1_25' title="bbox 999 2714 1744 2811">
    <p class='ocr_par' dir='ltr' id='par_1_34' title="bbox 999 2714 1744 2811">
     <span class='ocr_line' id='line_1_72' title="bbox 1000 2714 1744 2770; baseline 0.012 -9"><span class='ocrx_word' id='word_1_353' title='bbox 1000 2727 1145 2763; x_wconf 88' lang='lat' dir='ltr'>irrende</span> <span class='ocrx_word' id='word_1_354' title='bbox 1180 2729 1324 2766; x_wconf 81' lang='lat' dir='ltr'>Latona</span> <span class='ocrx_word' id='word_1_355' title='bbox 1354 2714 1459 2767; x_wconf 82' lang='lat' dir='ltr'>nicht</span> <span class='ocrx_word' id='word_1_356' title='bbox 1488 2733 1619 2769; x_wconf 84' lang='lat' dir='ltr'>hatten</span> <span class='ocrx_word' id='word_1_357' title='bbox 1652 2736 1744 2770; x_wconf 85' lang='lat' dir='ltr'>trin-</span> 
     </span>
     <span class='ocr_line' id='line_1_73' title="bbox 999 2774 1229 2811; baseline 0.014 -3"><span class='ocrx_word' id='word_1_358' title='bbox 999 2774 1072 2809; x_wconf 88' lang='lat' dir='ltr'>ken</span> <span class='ocrx_word' id='word_1_359' title='bbox 1098 2775 1229 2811; x_wconf 81' lang='lat' dir='ltr'>lassen.</span> 
     </span>
    </p>
   </div>
   <div class='ocr_carea' id='block_1_26' title="bbox 999 2849 1740 2979">
    <p class='ocr_par' dir='ltr' id='par_1_35' title="bbox 999 2849 1740 2978">
     <span class='ocr_line' id='line_1_74' title="bbox 1047 2849 1739 2894; baseline 0.012 -14"><span class='ocrx_word' id='word_1_360' title='bbox 1047 2850 1126 2881; x_wconf 89' lang='lat'>379.</span> <span class='ocrx_word' id='word_1_361' title='bbox 1153 2849 1252 2884; x_wconf 80' lang='lat' dir='ltr'>tectis</span> <span class='ocrx_word' id='word_1_362' title='bbox 1271 2851 1537 2894; x_wconf 78' lang='lat' dir='ltr'>penetralibus,</span> <span class='ocrx_word' id='word_1_363' title='bbox 1568 2863 1634 2886; x_wconf 81' lang='lat' dir='ltr'>aus</span> <span class='ocrx_word' id='word_1_364' title='bbox 1670 2853 1739 2888; x_wconf 88' lang='lat' dir='ltr'>den</span> 
     </span>
     <span class='ocr_line' id='line_1_75' title="bbox 999 2893 1740 2940; baseline 0.011 -13"><span class='ocrx_word' id='word_1_365' title='bbox 999 2893 1240 2940; x_wconf 72' lang='lat' dir='ltr'>Hohlungen‚</span> <span class='ocrx_word' id='word_1_366' title='bbox 1284 2897 1424 2932; x_wconf 84' lang='lat' dir='ltr'>welche</span> <span class='ocrx_word' id='word_1_367' title='bbox 1468 2898 1528 2933; x_wconf 89' lang='lat' dir='ltr'>die</span> <span class='ocrx_word' id='word_1_368' title='bbox 1566 2900 1740 2935; x_wconf 85' lang='lat' dir='ltr'>Ameisen</span> 
     </span>
     <span class='ocr_line' id='line_1_76' title="bbox 999 2941 1233 2979; baseline 0.013 -4"><span class='ocrx_word' id='word_1_369' title='bbox 999 2941 1076 2976; x_wconf 84' lang='lat' dir='ltr'>sich</span> <span class='ocrx_word' id='word_1_370' title='bbox 1103 2942 1233 2979; x_wconf 87' lang='lat' dir='ltr'>bauen.</span> 
     </span>
    </p>
   </div>
   <div class='ocr_carea' id='block_1_27' title="bbox 1410 3003 1456 3038">
    <p class='ocr_par' dir='ltr' id='par_1_36' title="bbox 1410 3003 1456 3038">
     <span class='ocr_line' id='line_1_77' title="bbox 1410 3003 1456 3038; baseline 0 -15"><span class='ocrx_word' id='word_1_371' title='bbox 1410 3003 1456 3038; x_wconf 77' lang='lat'>5*</span> 
     </span>
    </p>
   </div>
  </div>
 </body>
</html>
