1909 3216
222 146 279 187 80
820 146 1076 183 GEORGICA.
1128 149 1171 183 II.

224 261 276 297 95
371 268 607 309 purpureae
638 255 904 309 preciaeque,
936 258 979 297 et
1011 271 1094 311 quo
1127 259 1167 298 te
1200 257 1385 298 carmine
1418 256 1572 313 dicam,

369 313 604 355 Rhaetica?
652 328 729 356 nec
761 314 879 356 cellis
912 315 1005 356 ideo
1038 315 1244 357 contende
1276 315 1478 357 Falernis.

369 376 471 414 sunt
501 375 544 414 et
574 371 810 414 Aminneae
843 374 969 429 vites,
1001 374 1249 416 firmissima
1280 375 1396 429 vina,

371 431 563 472 Tmolius
595 431 790 487 adsurgit
822 433 975 487 quibus
1007 435 1049 474 et
1080 447 1153 474 rex
1184 434 1275 487 ipse
1307 433 1549 488 Phanaeus3

371 490 618 545 Argitisque
651 491 808 546 minor,
840 493 906 533 cui
940 506 1026 533 non
1057 493 1285 533 certaverit
1315 492 1403 534 ulla

226 556 244 590 1
252 555 307 592 00

369 553 443 590 aut
474 552 642 590 tantum
674 550 803 591 fluere
835 554 908 591 aut
939 551 1117 592 totidem
1151 551 1302 592 durare
1334 566 1409 606 per
1440 565 1587 593 annos.

368 623 454 650 non
487 622 566 663 ego
598 612 659 662 te,
691 607 769 649 Dis
803 612 844 650 et
875 609 1033 650 mensis
1067 612 1242 663 accepta
1274 609 1484 664 secundis,
1509 630 1519 641 ·

368 666 635 717 transierim,
667 666 852 720 Rhodia,
884 670 927 708 et
957 667 1151 722 tumidis,
1182 667 1403 723 Bumaste,
1434 669 1626 711 racemis.

369 725 441 767 sed
472 739 608 779 neque
640 740 767 780 quam
799 726 955 767 multae
988 726 1149 780 species
1180 740 1257 768 nec
1289 727 1462 769 nomina
1493 742 1601 782 quae
1632 727 1736 781 sint,

369 788 433 825 est
463 798 685 825 numerus:
717 799 853 839 neque
885 785 997 826 enim
1030 799 1206 827 numero
1239 786 1540 840 comprendere
1570 786 1721 839 refert3

225 848 303 885 105

368 857 493 897 quem
525 843 596 897 qui
629 844 736 884 scire
768 843 891 897 velit,
922 843 1071 898 Libyci
1103 844 1207 886 velit
1239 845 1434 899 aequoris
1466 844 1578 887 idem

367 902 527 943 discere
560 915 688 956 quam
719 903 878 944 multae
910 901 1106 958 Zephyro
1139 903 1364 945 turbentur
1394 904 1597 958 harenae,

372 963 447 1002 aut
478 961 549 1002 ubi
581 961 768 1016 navigiis
800 961 1028 1003 violentior
1059 962 1209 1004 incidit
1239 961 1398 1017 Eurus,

370 1034 497 1061 nosse
530 1022 634 1074 quot
665 1019 777 1062 Ionii
809 1021 981 1062 veniant
1012 1020 1066 1061 ad
1096 1021 1224 1063 litora
1254 1021 1419 1063 fluctus.

430 1077 520 1120 Nec
551 1093 651 1121 vero
683 1083 822 1121 terrae
854 1079 963 1121 ferre
996 1094 1141 1122 omnes
1175 1080 1318 1122 omnia
1349 1082 1542 1134 possunt.

226 1143 308 1179 110

368 1137 616 1179 fluminibus
649 1139 798 1180 salices
830 1139 1067 1193 crassisque
1098 1138 1324 1193 paludibus
1358 1139 1445 1180 alni

368 1200 620 1251 nascuntur,
652 1198 816 1239 steriles
849 1199 1012 1239 saxosis
1043 1198 1261 1239 montibus
1294 1197 1405 1251 orni3

367 1256 497 1296 litora
528 1257 726 1310 myrtetis
759 1257 1012 1311 laetissima3
1045 1257 1224 1312 denique
1257 1259 1427 1310 apertos

367 1313 562 1356 Bacchus
595 1319 712 1357 amat
743 1315 893 1367 colles,
926 1316 1172 1371 aquilonem
1204 1318 1246 1357 et
1275 1316 1437 1371 frigora
1467 1314 1567 1357 taxi.

369 1374 510 1427 aspice
543 1377 586 1415 et
617 1375 817 1416 extremis
849 1375 1059 1417 domitum
1091 1374 1328 1416 cultoribus
1361 1375 1507 1417 orbem

225 1439 306 1474 115

370 1432 568 1487 ansque
600 1434 750 1476 domos
781 1435 975 1476 Arabum
1006 1434 1230 1489 pictosque
1262 1432 1467 1475 Gelonos:

371 1491 531 1533 divisae
564 1492 786 1534 arboribus
819 1493 997 1546 patriae.

1060 1493 1149 1534 sola
1181 1492 1304 1534 India
1334 1493 1504 1547 nigrum

369 1550 453 1591 fert
484 1550 713 1601 hebenum,
747 1551 853 1592 solis
887 1554 951 1592 est
982 1554 1103 1593 turea
1134 1552 1256 1606 virga
1288 1549 1475 1592 Sabaeis.

268 1729 324 1759 95.
345 1725 502 1769 preciae,
528 1725 608 1759 eine
635 1725 776 1760 schnell
799 1725 961 1761 reifende

221 1772 338 1807 Sorte.

267 1824 323 1854 96,
350 1819 544 1860 Rhaetica,
571 1830 635 1854 aus
661 1819 744 1854 dem
771 1819 961 1855 Veronesi-

222 1867 344 1902 schen.
396 1866 447 1900 Zu
490 1866 648 1901 Rh'atien
686 1866 962 1910 (Graubfinden‚

222 1914 346 1959 Tyrol)
378 1914 531 1959 gehorte
562 1913 657 1948 noch
689 1913 748 1948 die
772 1913 962 1949 nordliche

221 1960 454 1996 Lombardei.
493 1981 533 1985 —
575 1972 638 1995 nec
679 1961 761 1996 hier
798 1978 842 1990 =
875 1961 964 1996 aber

221 2008 336 2043 nicht.
369 2028 414 2033 —-—-
452 2008 635 2043 Falernis.
693 2008 837 2043 Nachst
879 2008 963 2044 dem

222 2054 482 2090 Cacuberwein
513 2055 592 2100 galt
622 2055 686 2090 der
710 2055 885 2090 Falerner
910 2056 964 2090 als

223 2103 287 2137 der
305 2102 514 2137 kostbarste
534 2102 702 2137 italische
723 2101 842 2138 Wein.
879 2114 963 2147 ayer

223 2150 408 2184 Falernus
426 2160 502 2183 war
522 2160 581 2183 am
596 2149 687 2183 Fuss
707 2149 771 2184 des
786 2150 962 2184 Massicus

223 2197 260 2231 in
287 2195 520 2240 Campanien.

271 2247 326 2277 97.
347 2244 651 2277 Aminneaerz'tes.
680 2243 747 2277 Die
765 2242 963 2277 Aminneer

223 2290 260 2324 in
306 2289 520 2324 Thessalien
560 2290 675 2324 sollen
718 2290 818 2324 diese
862 2290 961 2325 Rebe

223 2337 318 2371 nach
357 2336 488 2370 Italien
524 2336 592 2380 (ins
625 2337 851 2380 Picenische>
884 2349 961 2372 ver-

223 2384 360 2428 pflanzt
385 2383 513 2418 haben.

271 2434 326 2465 98.
357 2430 534 2472 Tmolius,
567 2441 650 2465 vom
683 2431 778 2476 Berg
810 2432 960 2466 Tmolus

223 2478 259 2512 in
282 2478 433 2522 Lydien.
472 2478 545 2512 Der
564 2477 716 2512 Dichter
736 2478 864 2513 behalt
882 2479 962 2514 hier

226 2525 285 2559 die
311 2525 541 2569 griechische
561 2524 818 2571 Bezeichnung
843 2522 962 2571 (Τμώ-

224 2575 300 2611 λιος
326 2570 439 2615 οἶνος)
470 2572 540 2606 bei.
568 2592 609 2596 -—
647 2572 858 2615 Phanaeus,
890 2584 962 2608 von

224 2618 345 2653 einem
371 2618 578 2664 Vorgebirg
603 2619 668 2653 auf
693 2619 812 2654 Chios.
836 2641 875 2645 ω
899 2621 962 2655 ad-

223 2667 358 2710 saryit,
397 2666 455 2700 ein
494 2665 766 2710 gewohnliches
804 2667 962 2702 Zeichen

225 2713 291 2747 der
341 2712 689 2758 Ehrenbezeugung.
759 2714 840 2758 Vgl.
886 2714 961 2749 Ecl.

273 2811 329 2841 99.
356 2807 514 2852 Arqitz's,
547 2807 627 2842 eine
659 2807 852 2852 Rebsmte,
886 2810 962 2843 ent-

226 2854 348 2888 weder
377 2865 449 2889 von
480 2855 615 2899 Argos,
653 2855 740 2888 oder
774 2866 845 2889 von
879 2856 961 2890 dem

225 2901 377 2936 weissen
410 2901 518 2936 Wein
544 2898 684 2945 (ἀργός)
717 2913 756 2936 so
789 2906 961 2947 generunt,

1034 1727 1177 1761 lieferte
1198 1726 1331 1760 ebenso
1351 1725 1587 1770 reichlichen,
1612 1725 1667 1760 als
1687 1725 1774 1760 dau-

1035 1773 1203 1808 erhaften
1231 1772 1351 1807 Wein.

1085 1825 1162 1855 101.
1181 1819 1254 1853 Dis
1273 1823 1304 1853 et
1321 1820 1452 1854 mensis
1469 1820 1645 1855 secundis.
1672 1818 1776 1855 Beim

1036 1867 1240 1902 Nachtisch
1270 1866 1396 1901 warde
1431 1866 1502 1901 den
1532 1865 1687 1902 Gottem
1712 1877 1776 1912 ge-

1036 1914 1203 1959 spendet.
1247 1912 1331 1958 Vgl.
1357 1914 1447 1948 Aen.
1473 1913 1501 1958 I,
1528 1917 1606 1950 736.

1084 1965 1162 1996 102.
1188 1960 1372 1995 Bumaste.
1410 1960 1478 1996 Die
1498 1961 1669 1996 Trauben
1694 1960 1777 1996 sind

1036 2007 1332 2054 angeschwollen
1352 2008 1421 2043 wie
1447 2008 1506 2043 ein
1524 2008 1640 2043 Euter
1659 2008 1776 2054 (βοῦς,

1063 2068 1152 2090 (roto
1192 2083 1198 2089 .

1035 2070 1060 2101 μ
1085 2057 1239 2138 104.ς)ε.ςΐ
1262 2112 1432 2136 numeras
1452 2118 1496 2130 =
1521 2104 1571 2136 est
1594 2101 1683 2135 mihi
1707 2111 1775 2135 ‘nu-

1035 2161 1164 2193 meras,
1190 2159 1396 2183 enumerare
1416 2158 1574 2192 possum.
1597 2168 1637 2173 —
1664 2158 1776 2192 neque

1036 2199 1141 2239 enim,
1167 2196 1260 2231 auch
1286 2195 1429 2230 kommt
1449 2206 1486 2230 es
1506 2195 1549 2240 J'a
1569 2194 1674 2230 nicht
1692 2194 1774 2229 dar-

1035 2244 1101 2279 auf
1123 2255 1180 2278 an.

1085 2294 1160 2325 110.
1187 2290 1409 2333 flaminibus,
1427 2289 1651 2333 paludibus,
1675 2299 1773 2324 mon-

1033 2339 1140 2380 tibus,
1165 2336 1361 2371 Ablativus
1385 2336 1474 2380 loci,
1499 2336 1569 2371 wie
1596 2336 1649 2371 ofl:
1674 2335 1772 2371 beim

1033 2385 1196 2420 Dichter.

1082 2436 1159 2466 112.
1180 2432 1339 2476 myrtetis
1358 2431 1563 2466 laetissima.
1590 2429 1657 2465 Die
1675 2430 1773 2475 Myr-

1032 2478 1309 2521 tenwaldchen‚
1353 2488 1400 2513 an
1444 2477 1523 2513 sich
1565 2478 1772 2519 laetissima,

1034 2527 1190 2561 macheu
1210 2525 1305 2560 auch
1331 2525 1396 2560 das
1416 2525 1504 2560 Ufer
1529 2524 1644 2560 durch
1667 2524 1773 2560 ihren

1036 2573 1213 2608 Schatten
1247 2572 1360 2607 sehon
1392 2589 1435 2601 =
1468 2583 1515 2607 an
1551 2572 1623 2607 den
1658 2571 1772 2606 Ufern

1035 2620 1216 2666 gedeihen
1242 2619 1293 2654 sie
1318 2630 1378 2653 am
1405 2620 1609 2655 schonsten.

1084 2672 1161 2702 115.
1175 2668 1271 2712 picti
1285 2666 1424 2710 Geloni,
1444 2666 1503 2701 ein
1517 2665 1774 2701 sarmatisches

1037 2714 1132 2749 Volk
1158 2714 1250 2749 iiber
1274 2714 1357 2748 dem
1382 2714 1627 2759 Borysthenes
1651 2713 1772 2757 (Daie-

1035 2763 1127 2807 per).
1167 2762 1271 2806 picti,
1296 2761 1471 2797 tatowirt.

1085 2813 1162 2844 116.
1207 2809 1344 2844 divisae
1386 2807 1576 2843 arboribus
1612 2806 1772 2850 patriae,

1031 2856 1137 2902 jeder
1146 2856 1260 2890 Baum
1269 2855 1335 2890 hat
1345 2855 1442 2890 seine
1451 2854 1578 2898 eigene
1586 2852 1773 2887 Heimath.

1086 2907 1161 2937 117.
1189 2902 1350 2945 Sabaeis,
1376 2901 1449 2946 vgl.
1476 2900 1606 2944 Georg.
1632 2899 1658 2944 Ι,
1685 2902 1740 2934 57.

1033 2984 1051 3004 ἱ
