1909 3216
167 132 227 173 40
771 130 1018 169 BUCOLICA.
1070 133 1129 168 IX.

289 254 420 293 usque
453 239 506 280 ad
539 254 694 294 aquam
727 243 769 280 et
799 242 962 280 veteres
994 239 1080 280 iam
1112 239 1249 282 fracta
1280 242 1503 284 cacumina
1533 241 1659 298 fagos

176 303 229 339 10
296 298 437 340 omnia
470 298 730 340 carminibus
763 301 951 339 vestrum
985 312 1175 339 servasse
1206 298 1442 342 Menalcan.

859 379 1049 421 Mamas.

289 451 516 505 Audieras,
549 453 591 492 et
622 451 737 491 fama
769 450 870 503 fuit,
904 449 977 491 sed
1009 450 1199 492 carmina
1228 454 1396 494 tantum

290 512 440 551 nostra
474 509 633 563 valent,
664 508 844 563 Lycida,
876 509 963 550 tela
994 509 1106 550 inter
1136 508 1310 564 Martia,
1342 514 1550 566 quantum

291 566 507 610 Chaonias
541 569 683 609 dicunt
717 568 860 622 aquila
892 567 1087 608 veniente
1119 568 1347 611 columbas.

290 627 402 682 quod
433 627 517 668 nisi
550 641 616 667 me
649 640 911 681 quacumque
943 641 1078 668 novas
1110 627 1296 668 incidere
1329 628 1425 670 lites

174 691 226 727 15
291 690 388 727 ante
423 686 595 727 sinistra
627 699 731 726 cava
762 685 1001 726 monuisset
1033 685 1086 726 ab
1119 685 1216 727 ilice
1249 687 1416 741 cornix,

290 759 367 786 nec
400 748 497 784 tuus
530 743 599 785 hic
631 743 790 785 Moeris
822 758 900 785 nec
931 744 1093 785 viveret
1123 744 1216 798 ipse
1248 744 1479 787 Menalcas.

848 825 1061 867 chmAs.

291 897 404 952 Heu,
437 896 550 937 cadit
581 895 626 936 in
659 909 915 950 quemquam
954 897 1124 936 tantum
1157 896 1321 938 scelus?
1363 897 1464 951 heu,
1501 900 1576 939 tua
1605 897 1731 940 nobis

290 970 425 1011 paene
458 954 585 996 simul
617 957 758 996 tecum
792 953 951 995 solacia
982 958 1126 1008 rapta,
1157 954 1380 997 Menalca?

290 1015 383 1069 quis
417 1016 588 1055 caneret-
618 1011 875 1066 Nymphas?
907 1012 1002 1066 quis
1034 1011 1213 1053 humum
1243 1013 1495 1056 florentibus
1526 1015 1670 1057 herbis

173 1078 227 1115 20
292 1075 530 1128 spargeret,
562 1075 638 1113 aut
668 1071 794 1112 viridi
826 1071 967 1112 fontes
999 1070 1219 1112 induceret
1250 1072 1430 1114 umbra?

290 1133 358 1173 vel
390 1146 497 1187 quae
531 1131 697 1186 sublegi
729 1129 886 1171 tacitus
917 1129 999 1170 tibi
1031 1130 1220 1171 carmina
1250 1145 1401 1184 nuper,

292 1205 387 1232 cum
417 1194 460 1232 te
493 1190 545 1231 ad
578 1189 751 1230 delicias
783 1188 916 1230 ferres
947 1187 1218 1242 Amaryllida
1249 1192 1440 1231 nostras:

289 1250 478 1304 ‘Tityre,
510 1249 611 1290 dum
643 1248 791 1301 redeo,
823 1247 964 1288 brevis
998 1249 1063 1288 est
1094 1247 1182 1297 via,
1214 1262 1342 1301 pasce
1375 1248 1585 1303 capellas,

288 1312 331 1350 et
361 1311 513 1363 potum
544 1310 692 1362 pastas
725 1320 823 1362 age,
855 1306 1024 1360 Tityre,
1057 1308 1100 1346 et
1132 1306 1244 1347 inter
1276 1307 1489 1362 agendum

173 1372 224 1408 25
290 1381 510 1410 ocem-sare
543 1381 690 1420 capro,
721 1379 852 1406 cornu
885 1364 986 1406 ferit
1017 1364 1106 1418 ille,
1139 1365 1316 1407 caveto?

860 1446 1052 1488 Momus.

289 1519 427 1562 Immo
459 1519 584 1573 haec,
616 1532 723 1572 quae
756 1517 873 1559 Varo
905 1516 1086 1558 necdum
1118 1516 1310 1570 perfecta
1342 1518 1538 1559 canebat:

292 1578 445 1633 ‘Vare,
476 1581 597 1619 tuum
628 1591 802 1630 nomen,
836 1579 1005 1630 superet
1037 1575 1163 1617 modo
1196 1574 1376 1617 Mantua
1406 1577 1549 1631 nobis,

291 1638 471 1681 Mantua
501 1650 577 1678 vae
610 1636 793 1676 miserae
824 1635 1003 1676 nimium
1030 1634 1169 1675 vicina
1201 1632 1455 1686 Cremonae,

296 1698 518 1739 cantantes
551 1694 732 1736 sublime
764 1694 905 1735 ferent
936 1693 989 1733 ad
1022 1693 1162 1733 sidera
1193 1693 1344 1747 cycni?

221 1806 252 1838 9.
279 1801 328 1836 ad
358 1811 501 1845 aquam.
557 1797 703 1843 Vergils
743 1797 917 1842 Landgut

174 1848 280 1883 stiess
307 1858 353 1882 an
380 1848 451 1882 den
476 1845 642 1880 Mincius.

222 1899 276 1931 10.
304 1894 544 1935 carminibus,
577 1891 724 1927 bezieht
749 1890 828 1925 sich
853 1891 920 1925 auf

174 1942 232 1977 die
258 1943 352 1977 erste
377 1942 526 1986 Ecloge.
544 1939 806 1980 —Menalc-as,
832 1938 866 1972 d.
892 1937 914 1972 i.

173 1989 361 2035 Vergilius
386 1989 511 2023 selbst.

224 2042 277 2071 11.
304 2040 336 2071 et
360 2036 462 2079 fama
475 2035 567 2078 fuit,
581 2033 656 2068 und
675 2043 762 2067 man
784 2031 914 2077 sprach

175 2084 269 2119 auch
294 2083 465 2118 wirklich
491 2082 622 2116 davon.

222 2135 275 2165 13.
306 2130 496 2164 Chaonias.
536 2128 604 2162 Die
631 2127 811 2162 Chaonier
831 2128 917 2170 (von

179 2177 321 2220 Chaon,
342 2177 427 2211 dem
447 2175 547 2210 Sohn
567 2175 631 2208 des
650 2173 827 2215 Priamus,
842 2173 915 2218 vgl.

173 2226 264 2259 Aen.
286 2223 346 2266 III,
373 2225 456 2266 335)
476 2221 651 2255 wohnten
670 2232 733 2254 um
752 2219 918 2263 Dodona,

174 2281 231 2305 wo
258 2271 296 2305 in
309 2270 531 2305 herrlichem
545 2267 807 2302 Eichenwalde
823 2266 917 2301 Tau·

175 2318 247 2352 ben
286 2316 423 2352 Orakel
460 2316 590 2360 gaben.
653 2314 726 2348 Der
763 2313 916 2348 Dichter

175 2363 395 2409 spezialisirt
422 2373 542 2408 gerne.

225 2416 279 2447 14.
318 2411 413 2456 quod
438 2411 511 2444 nisi
540 2408 604 2443 wie
631 2408 726 2453 quod
743 2409 792 2450 si,
824 2407 919 2451 quod

177 2470 267 2501 cum,
293 2458 389 2503 quod
413 2458 513 2502 quia,
539 2457 634 2501 quod
658 2455 830 2500 quoniam
849 2453 919 2488 mit

176 2505 276 2540 einer
306 2505 517 2550 Folgerung
553 2501 838 2538 abschliessend.
872 2521 915 2527 —

177 2553 350 2594 incidere,
384 2552 456 2586 den
481 2551 631 2585 Pro'zess
657 2548 916 2583 abschneiden.

227 2603 280 2635 15.
319 2600 472 2634 sinistra
509 2598 647 2632 cornix.
707 2596 778 2630 Der
818 2595 916 2630 links

176 2646 242 2681 her
259 2644 482 2681 kommende
498 2644 577 2679 Ton
597 2644 661 2678 der
674 2643 797 2677 Krahe
817 2643 921 2687 giebt

177 2693 237 2728 die
257 2691 478 2729 Gewissheit
497 2691 561 2726 des
581 2689 811 2725 Eintreffens.
852 2689 919 2724 Die

176 2740 288 2776 hohle
313 2739 429 2775 Eiche
455 2739 583 2773 deutet
608 2737 673 2772 auf
695 2735 878 2780 Ungh‘ick.

226 2792 281 2822 17.
307 2788 406 2822 cadit
432 2787 472 2821 in
497 2796 718 2831 quemquam.
762 2783 920 2827 Lycidas

177 2835 278 2870 kann
308 2845 347 2870 es
371 2833 475 2869 nicht
500 2833 679 2879 glauben,
712 2830 826 2865 daher
857 2831 922 2865 das

182 2881 355 2927 negative
381 2891 600 2926 quemquam.

1037 1800 1091 1832 18.
1111 1797 1266 1838 solacia,
1287 1796 1347 1831 die
1361 1797 1574 1832 l'andlichen
1587 1798 1732 1843 Lieder,

988 1843 1128 1924 {welche
1154 1843 1264 1878 Trost
1288 1844 1408 1888 geben
1439 1844 1478 1878 in
1503 1844 1576 1879 den
1599 1845 1735 1880 tn’iben

990 1891 999 1901 '
1017 1889 1126 1925 eiten.

1036 1941 1091 1972 20.
1124 1940 1307 1981 sparyeret
1339 1957 1381 1962 —
1408 1938 1610 1981 induceret,
1659 1939 1735 1984 vgl.

989 1984 1065 2019 Ecl.
1094 1984 1138 2029 V,
1165 1987 1221 2017 40.
1329 2027 1332 2030 ,

1036 2035 1090 2067 21.
1130 2031 1183 2065 vel
1218 2041 1326 2075 quae,
1365 2031 1527 2066 n'amh‘ch
1564 2032 1618 2066 vel
1654 2032 1736 2076 qm's

989 2081 1146 2121 caneret,
1183 2089 1283 2122 quae.
1324 2098 1367 2103 —ae
1405 2079 1542 2122 subleyi
1585 2080 1731 2114 tacitus.

989 2125 1039 2159 Er
1070 2125 1136 2159 hat
1172 2123 1367 2169 gelauscht
1400 2124 1475 2159 und
1514 2124 1594 2159 sich
1631 2125 1737 2160 nicht

989 2172 1195 2207 verrathen.

1039 2222 1094 2252 22.
1121 2218 1270 2252 delicias
1303 2221 1456 2252 nostras.
1507 2218 1623 2253 Unter
1648 2219 1734 2254 dem

991 2265 1135 2300 Namen
1155 2263 1354 2308 Amaryllis
1380 2264 1473 2298 wird
1499 2264 1581 2300 eine
1605 2265 1733 2301 Hirtin

991 2311 1219 2356 eingeffihrt,
1245 2310 1383 2345 welche
1409 2311 1469 2346 die
1488 2311 1632 2347 Frende
1658 2313 1736 2348 und

991 2359 1135 2393 Wonne
1179 2357 1272 2392 aller
1313 2357 1446 2393 Hirten
1496 2359 1561 2394 der
1600 2359 1736 2405 Umge·

992 2405 1088 2450 gend
1115 2405 1173 2439 ist.

1039 2456 1093 2487 26.
1120 2452 1226 2486 immo
1245 2451 1347 2494 haec,
1373 2451 1443 2486 wie
1462 2463 1496 2488 v.
1518 2454 1737 2490 21=immo

990 2501 1070 2544 quis
1102 2502 1242 2533 caneret
1272 2499 1367 2533 haec.
1395 2519 1438 2524 —
1465 2500 1633 2543 necdum,
1666 2500 1737 2536 wie

989 2559 1023 2581 v.
1051 2551 1082 2581 6.
1110 2556 1181 2580 nee.

1037 2596 1093 2628 28.
1119 2594 1268 2627 miserae
1283 2591 1484 2627 Cremonae.
1512 2592 1581 2628 Die
1594 2593 1749 2630 Aecker‘

993 2640 1058 2675 der
1071 2639 1350 2683 Cremonenser‚
1371 2638 1430 2674 die
1450 2651 1494 2674 zu
1503 2639 1638 2675 Brutus
1661 2641 1738 2676 und

994 2686 1138 2722 Cassius
1151 2686 1318 2730 standan,
1334 2686 1483 2721 worden
1496 2697 1567 2722 von
1578 2687 1649 2722 den
1659 2687 1737 2723 Sol-

994 2735 1106 2769 daten
1121 2733 1300 2768 zunachst
1317 2731 1357 2767 in
1370 2733 1492 2768 Besitz
1504 2744 1735 2778 genommen.

1041 2785 1096 2815 29.
1123 2782 1236 2827 cycni.
1286 2780 1360 2814 Der
1391 2779 1629 2824 Singschwan
1660 2789 1738 2815 war

995 2841 1054 2865 am
1092 2827 1250 2862 Mincius
1288 2826 1478 2861 heimisch.
1537 2826 1621 2872 vgl.
1658 2826 1735 2862 Ecl.

993 2876 1097 2921 VIII,
1125 2879 1180 2910 55.
